timestamp_ms,tid,price,amount,type
1771985216975,1893456007599168,0.37,3,buy
1771985216975,1893456007599167,0.63,3,buy
1771985217304,1893456007599172,0.38,3,buy
1771985217304,1893456007599171,0.62,3,buy
1771985217434,1893456007599174,0.39,3,buy
1771985217434,1893456007599173,0.61,3,buy
1771985217745,1893456007599180,0.4,3,buy
1771985217745,1893456007599179,0.6,3,buy
1771985218064,1893456007599182,0.41,3,buy
1771985218064,1893456007599181,0.59,3,buy
1771985370841,1893456007599264,0.49,2,buy
1771985370841,1893456007599263,0.51,2,buy
1771985404268,1893456007599278,0.4,2,buy
1771985404268,1893456007599277,0.6,2,buy
1771985594845,1893456007599348,0.46,2,buy
1771985594845,1893456007599347,0.54,2,buy
1771985634401,1893456007599364,0.53,696,buy
1771985634401,1893456007599363,0.52,34,buy
1771985634401,1893456007599362,0.51,18,buy
1771985634401,1893456007599361,0.47,55,buy
1771985634401,1893456007599360,0.47,3,buy
1771985634401,1893456007599359,0.47,638,buy
1771985634401,1893456007599358,0.48,34,buy
1771985634401,1893456007599357,0.49,18,buy
1771985634444,1893456007599368,0.47,34,buy
1771985634444,1893456007599367,0.53,34,buy
1771985634444,1893456007599366,0.47,18,buy
1771985634444,1893456007599365,0.53,18,buy
1771985634479,1893456007599372,0.47,18,buy
1771985634479,1893456007599371,0.53,18,buy
1771985634479,1893456007599370,0.47,34,buy
1771985634479,1893456007599369,0.53,34,buy
1771985634514,1893456007599374,0.47,18,buy
1771985634514,1893456007599373,0.53,18,buy
1771985634551,1893456007599376,0.47,18,buy
1771985634551,1893456007599375,0.53,18,buy
1771985634584,1893456007599378,0.47,18,buy
1771985634584,1893456007599377,0.53,18,buy
1771985634609,1893456007599380,0.47,18,buy
1771985634609,1893456007599379,0.53,18,buy
1771985634636,1893456007599382,0.47,18,buy
1771985634636,1893456007599381,0.53,18,buy
1771985634674,1893456007599384,0.47,18,buy
1771985634674,1893456007599383,0.53,18,buy
1771985634701,1893456007599386,0.47,18,buy
1771985634701,1893456007599385,0.53,18,buy
1771985635154,1893456007599388,0.47,18,buy
1771985635154,1893456007599387,0.53,18,buy
1771985635161,1893456007599390,0.47,3,buy
1771985635161,1893456007599389,0.53,3,buy
1771985635197,1893456007599392,0.47,18,buy
1771985635197,1893456007599391,0.53,18,buy
1771985635221,1893456007599394,0.47,18,buy
1771985635221,1893456007599393,0.53,18,buy
1771985635243,1893456007599396,0.47,3,buy
1771985635243,1893456007599395,0.53,3,buy
1771985635244,1893456007599398,0.47,18,buy
1771985635244,1893456007599397,0.53,18,buy
1771985635278,1893456007599400,0.47,18,buy
1771985635278,1893456007599399,0.53,18,buy
1771985635312,1893456007599402,0.47,18,buy
1771985635312,1893456007599401,0.53,18,buy
1771985635347,1893456007599404,0.47,18,buy
1771985635347,1893456007599403,0.53,18,buy
1771985638085,1893456007599410,0.47,3,buy
1771985638085,1893456007599409,0.53,3,buy
1771985638167,1893456007599412,0.47,3,buy
1771985638167,1893456007599411,0.53,3,buy
1771985638281,1893456007599414,0.47,3,buy
1771985638281,1893456007599413,0.53,3,buy
1771985638414,1893456007599416,0.47,18,buy
1771985638414,1893456007599415,0.53,18,buy
1771985638457,1893456007599418,0.47,18,buy
1771985638457,1893456007599417,0.53,18,buy
1771985638494,1893456007599420,0.47,18,buy
1771985638494,1893456007599419,0.53,18,buy
1771985638530,1893456007599422,0.47,18,buy
1771985638530,1893456007599421,0.53,18,buy
1771985638562,1893456007599424,0.47,18,buy
1771985638562,1893456007599423,0.53,18,buy
1771985638595,1893456007599426,0.47,18,buy
1771985638595,1893456007599425,0.53,18,buy
1771985639134,1893456007599428,0.47,3,buy
1771985639134,1893456007599427,0.53,3,buy
1771985639251,1893456007599430,0.47,3,buy
1771985639251,1893456007599429,0.53,3,buy
1771985831069,1893456007599474,0.46,517,buy
1771985831069,1893456007599473,0.54,517,buy
1771985859232,1893456007599480,0.48,198,buy
1771985859232,1893456007599479,0.52,198,buy
1771985864444,1893456007599484,0.63,136,buy
1771985864444,1893456007599483,0.62,18,buy
1771985864444,1893456007599482,0.37,136,buy
1771985864444,1893456007599481,0.38,18,buy
1771985940106,1893456007599505,0.3,31,sell
1771985940106,1893456007599504,0.31,15,sell
1771985940106,1893456007599503,0.3,3,buy
1771985940106,1893456007599502,0.3,28,buy
1771985940106,1893456007599501,0.31,15,buy
1771985940139,1893456007599509,0.3,15,buy
1771985940139,1893456007599508,0.3,15,sell
1771985940178,1893456007599511,0.3,15,buy
1771985940178,1893456007599510,0.3,15,sell
1771985940218,1893456007599513,0.3,15,buy
1771985940218,1893456007599512,0.3,15,sell
1771985940242,1893456007599515,0.3,15,buy
1771985940242,1893456007599514,0.3,15,sell
1771985940273,1893456007599517,0.3,15,buy
1771985940273,1893456007599516,0.3,15,sell
1771985940297,1893456007599519,0.3,15,buy
1771985940297,1893456007599518,0.3,15,sell
1771985955354,1893456007599527,0.3,15,buy
1771985955354,1893456007599526,0.3,15,sell
1771985955390,1893456007599529,0.3,15,buy
1771985955390,1893456007599528,0.3,15,sell
1771985955432,1893456007599531,0.3,15,buy
1771985955432,1893456007599530,0.3,15,sell
1771985965925,1893456007599537,0.3,3,buy
1771985965925,1893456007599536,0.3,3,sell
1771985970777,1893456007599541,0.3,1,buy
1771985970777,1893456007599540,0.3,1,sell
1771985971713,1893456007599545,0.3,50,buy
1771985971713,1893456007599544,0.3,50,sell
1771985976406,1893456007599547,0.3,26,buy
1771985976406,1893456007599546,0.3,26,sell
1771985987917,1893456007599551,0.3,1,buy
1771985987917,1893456007599550,0.3,1,sell
1771985996171,1893456007599560,0.3,255,buy
1771985996171,1893456007599559,0.3,255,sell
1771986291094,1893456007599684,0.29,1,buy
1771986291094,1893456007599683,0.71,1,buy
1771986321343,1893456007599697,0.77,269,buy
1771986321343,1893456007599696,0.76,3,buy
1771986321343,1893456007599695,0.72,50,buy
1771986321343,1893456007599694,0.23,266,buy
1771986321343,1893456007599693,0.23,3,buy
1771986321343,1893456007599692,0.24,3,buy
1771986321343,1893456007599691,0.28,50,buy
1771986693436,1893456007599787,0.23,18,buy
1771986693436,1893456007599786,0.77,18,buy
1771986720991,1893456007599789,0.23,2,buy
1771986720991,1893456007599788,0.77,2,buy
1771987242232,1893456007600032,0.11,2,buy
1771987242232,1893456007600031,0.89,2,buy
1771987278620,1893456007600040,0.91,3,buy
1771987278620,1893456007600039,0.09,3,buy
1771987284382,1893456007600042,0.92,3,buy
1771987284382,1893456007600041,0.08,3,buy
1771987366242,1893456007600060,0.93,3,buy
1771987366242,1893456007600059,0.07,3,buy
1771987369827,1893456007600062,0.94,3,buy
1771987369827,1893456007600061,0.06,3,buy
1771987720989,1893456007600157,0.06,79,buy
1771987720989,1893456007600156,0.94,79,buy
1771987756576,1893456007600167,0.06,15,buy
1771987756576,1893456007600166,0.94,15,buy
