timestamp_ms,tid,price,amount,type
1771867246215,1893456007575640,0.15,2,buy
1771867246215,1893456007575639,0.85,2,buy
1771867246255,1893456007575642,0.15,2,buy
1771867246255,1893456007575641,0.85,2,buy
1771867246295,1893456007575644,0.15,1,buy
1771867246295,1893456007575643,0.85,1,buy
1771867760763,1893456007576094,0.7,6,buy
1771867760763,1893456007576093,0.69,3,buy
1771867760763,1893456007576092,0.3,6,buy
1771867760763,1893456007576091,0.31,3,buy
1771867760804,1893456007576098,0.3,3,buy
1771867760804,1893456007576097,0.7,3,buy
1771867760804,1893456007576096,0.3,6,buy
1771867760804,1893456007576095,0.7,6,buy
1771867760831,1893456007576102,0.3,3,buy
1771867760831,1893456007576101,0.7,3,buy
1771867760831,1893456007576100,0.3,6,buy
1771867760831,1893456007576099,0.7,6,buy
1771867760864,1893456007576106,0.3,3,buy
1771867760864,1893456007576105,0.7,3,buy
1771867760864,1893456007576104,0.3,6,buy
1771867760864,1893456007576103,0.7,6,buy
1771867760890,1893456007576108,0.3,3,buy
1771867760890,1893456007576107,0.7,3,buy
1771867760934,1893456007576110,0.3,3,buy
1771867760934,1893456007576109,0.7,3,buy
1771867760974,1893456007576112,0.3,3,buy
1771867760974,1893456007576111,0.7,3,buy
1771867761002,1893456007576114,0.3,3,buy
1771867761002,1893456007576113,0.7,3,buy
1771867761034,1893456007576116,0.3,3,buy
1771867761034,1893456007576115,0.7,3,buy
1771867761060,1893456007576118,0.3,3,buy
1771867761060,1893456007576117,0.7,3,buy
1771867761094,1893456007576120,0.3,3,buy
1771867761094,1893456007576119,0.7,3,buy
1771867761135,1893456007576122,0.3,3,buy
1771867761135,1893456007576121,0.7,3,buy
1771867761161,1893456007576124,0.3,3,buy
1771867761161,1893456007576123,0.7,3,buy
1771867761194,1893456007576126,0.3,3,buy
1771867761194,1893456007576125,0.7,3,buy
1771867761224,1893456007576128,0.3,3,buy
1771867761224,1893456007576127,0.7,3,buy
1771867761254,1893456007576130,0.3,3,buy
1771867761254,1893456007576129,0.7,3,buy
1771867761283,1893456007576132,0.3,3,buy
1771867761283,1893456007576131,0.7,3,buy
1771867761310,1893456007576134,0.3,3,buy
1771867761310,1893456007576133,0.7,3,buy
1771867761342,1893456007576136,0.3,3,buy
1771867761342,1893456007576135,0.7,3,buy
1771867761376,1893456007576138,0.3,3,buy
1771867761376,1893456007576137,0.7,3,buy
1771867761402,1893456007576140,0.3,3,buy
1771867761402,1893456007576139,0.7,3,buy
1771867761426,1893456007576142,0.3,3,buy
1771867761426,1893456007576141,0.7,3,buy
1771867761468,1893456007576144,0.3,3,buy
1771867761468,1893456007576143,0.7,3,buy
1771867761504,1893456007576146,0.3,3,buy
1771867761504,1893456007576145,0.7,3,buy
1771867761545,1893456007576148,0.3,3,buy
1771867761545,1893456007576147,0.7,3,buy
1771867761577,1893456007576150,0.3,3,buy
1771867761577,1893456007576149,0.7,3,buy
1771867761614,1893456007576152,0.3,3,buy
1771867761614,1893456007576151,0.7,3,buy
1771867761641,1893456007576154,0.3,3,buy
1771867761641,1893456007576153,0.7,3,buy
1771867761673,1893456007576156,0.3,3,buy
1771867761673,1893456007576155,0.7,3,buy
1771867761698,1893456007576158,0.3,3,buy
1771867761698,1893456007576157,0.7,3,buy
1771867762326,1893456007576164,0.73,25,buy
1771867762326,1893456007576163,0.72,6,buy
1771867762326,1893456007576162,0.71,3,buy
1771867762326,1893456007576161,0.27,25,buy
1771867762326,1893456007576160,0.28,6,buy
1771867762326,1893456007576159,0.29,3,buy
1771867767843,1893456007576166,0.3,3,buy
1771867767843,1893456007576165,0.7,3,buy
1771867767880,1893456007576168,0.3,3,buy
1771867767880,1893456007576167,0.7,3,buy
1771867767920,1893456007576170,0.3,3,buy
1771867767920,1893456007576169,0.7,3,buy
1771867767958,1893456007576172,0.3,3,buy
1771867767958,1893456007576171,0.7,3,buy
1771867767991,1893456007576174,0.3,3,buy
1771867767991,1893456007576173,0.7,3,buy
1771867768017,1893456007576176,0.3,3,buy
1771867768017,1893456007576175,0.7,3,buy
1771867768042,1893456007576178,0.3,3,buy
1771867768042,1893456007576177,0.7,3,buy
1771867768068,1893456007576180,0.3,3,buy
1771867768068,1893456007576179,0.7,3,buy
1771867768095,1893456007576182,0.3,3,buy
1771867768095,1893456007576181,0.7,3,buy
1771867768121,1893456007576184,0.3,3,buy
1771867768121,1893456007576183,0.7,3,buy
1771867768156,1893456007576186,0.3,3,buy
1771867768156,1893456007576185,0.7,3,buy
1771867768181,1893456007576188,0.3,3,buy
1771867768181,1893456007576187,0.7,3,buy
1771867768206,1893456007576190,0.3,3,buy
1771867768206,1893456007576189,0.7,3,buy
1771867768231,1893456007576192,0.3,3,buy
1771867768231,1893456007576191,0.7,3,buy
1771867768264,1893456007576194,0.3,3,buy
1771867768264,1893456007576193,0.7,3,buy
1771867768287,1893456007576196,0.3,3,buy
1771867768287,1893456007576195,0.7,3,buy
1771867768313,1893456007576198,0.3,3,buy
1771867768313,1893456007576197,0.7,3,buy
1771867768340,1893456007576200,0.3,3,buy
1771867768340,1893456007576199,0.7,3,buy
1771867768374,1893456007576202,0.3,3,buy
1771867768374,1893456007576201,0.7,3,buy
1771867768399,1893456007576204,0.3,3,buy
1771867768399,1893456007576203,0.7,3,buy
1771867768424,1893456007576206,0.3,3,buy
1771867768424,1893456007576205,0.7,3,buy
1771867768454,1893456007576208,0.3,3,buy
1771867768454,1893456007576207,0.7,3,buy
1771867768481,1893456007576210,0.3,3,buy
1771867768481,1893456007576209,0.7,3,buy
1771867769844,1893456007576212,0.3,3,buy
1771867769844,1893456007576211,0.7,3,buy
1771867769884,1893456007576214,0.3,3,buy
1771867769884,1893456007576213,0.7,3,buy
1771867769917,1893456007576216,0.3,3,buy
1771867769917,1893456007576215,0.7,3,buy
1771867769954,1893456007576218,0.3,3,buy
1771867769954,1893456007576217,0.7,3,buy
1771867769980,1893456007576220,0.3,3,buy
1771867769980,1893456007576219,0.7,3,buy
1771867770005,1893456007576222,0.3,3,buy
1771867770005,1893456007576221,0.7,3,buy
1771867770032,1893456007576224,0.3,3,buy
1771867770032,1893456007576223,0.7,3,buy
1771867770073,1893456007576226,0.3,3,buy
1771867770073,1893456007576225,0.7,3,buy
1771867770111,1893456007576228,0.3,3,buy
1771867770111,1893456007576227,0.7,3,buy
1771867770138,1893456007576230,0.3,3,buy
1771867770138,1893456007576229,0.7,3,buy
1771867770178,1893456007576232,0.3,3,buy
1771867770178,1893456007576231,0.7,3,buy
1771867770204,1893456007576234,0.3,3,buy
1771867770204,1893456007576233,0.7,3,buy
1771867770244,1893456007576236,0.3,3,buy
1771867770244,1893456007576235,0.7,3,buy
1771867770278,1893456007576238,0.3,3,buy
1771867770278,1893456007576237,0.7,3,buy
1771867770307,1893456007576240,0.3,3,buy
1771867770307,1893456007576239,0.7,3,buy
1771867770334,1893456007576242,0.3,3,buy
1771867770334,1893456007576241,0.7,3,buy
1771867770374,1893456007576244,0.3,3,buy
1771867770374,1893456007576243,0.7,3,buy
1771867770404,1893456007576246,0.3,3,buy
1771867770404,1893456007576245,0.7,3,buy
1771867770443,1893456007576248,0.3,3,buy
1771867770443,1893456007576247,0.7,3,buy
1771867770467,1893456007576250,0.3,3,buy
1771867770467,1893456007576249,0.7,3,buy
1771867770504,1893456007576252,0.3,3,buy
1771867770504,1893456007576251,0.7,3,buy
1771867770531,1893456007576254,0.3,3,buy
1771867770531,1893456007576253,0.7,3,buy
1771867770559,1893456007576256,0.3,3,buy
1771867770559,1893456007576255,0.7,3,buy
1771867770584,1893456007576258,0.3,3,buy
1771867770584,1893456007576257,0.7,3,buy
1771867770608,1893456007576260,0.3,3,buy
1771867770608,1893456007576259,0.7,3,buy
1771867770635,1893456007576262,0.3,3,buy
1771867770635,1893456007576261,0.7,3,buy
1771867772601,1893456007576264,0.3,4,buy
1771867772601,1893456007576263,0.7,4,buy
1771867772638,1893456007576266,0.3,4,buy
1771867772638,1893456007576265,0.7,4,buy
1771867772674,1893456007576270,0.3,4,buy
1771867772674,1893456007576269,0.7,4,buy
1771867772674,1893456007576268,0.3,6,buy
1771867772674,1893456007576267,0.7,6,buy
1771867772707,1893456007576274,0.3,4,buy
1771867772707,1893456007576273,0.7,4,buy
1771867772707,1893456007576272,0.3,6,buy
1771867772707,1893456007576271,0.7,6,buy
1771867772751,1893456007576278,0.3,4,buy
1771867772751,1893456007576277,0.7,4,buy
1771867772751,1893456007576276,0.3,6,buy
1771867772751,1893456007576275,0.7,6,buy
1771867772787,1893456007576282,0.3,4,buy
1771867772787,1893456007576281,0.7,4,buy
1771867772787,1893456007576280,0.3,6,buy
1771867772787,1893456007576279,0.7,6,buy
1771867772827,1893456007576286,0.3,4,buy
1771867772827,1893456007576285,0.7,4,buy
1771867772827,1893456007576284,0.3,6,buy
1771867772827,1893456007576283,0.7,6,buy
1771867772869,1893456007576290,0.3,4,buy
1771867772869,1893456007576289,0.7,4,buy
1771867772869,1893456007576288,0.3,6,buy
1771867772869,1893456007576287,0.7,6,buy
1771867772873,1893456007576292,0.3,1000,buy
1771867772873,1893456007576291,0.7,1000,buy
1771867772905,1893456007576296,0.3,4,buy
1771867772905,1893456007576295,0.7,4,buy
1771867772905,1893456007576294,0.3,6,buy
1771867772905,1893456007576293,0.7,6,buy
1771867772944,1893456007576298,0.3,4,buy
1771867772944,1893456007576297,0.7,4,buy
1771867772987,1893456007576300,0.3,4,buy
1771867772987,1893456007576299,0.7,4,buy
1771867773012,1893456007576302,0.3,4,buy
1771867773012,1893456007576301,0.7,4,buy
1771867773044,1893456007576304,0.3,4,buy
1771867773044,1893456007576303,0.7,4,buy
1771867773074,1893456007576306,0.3,4,buy
1771867773074,1893456007576305,0.7,4,buy
1771867773110,1893456007576308,0.3,4,buy
1771867773110,1893456007576307,0.7,4,buy
1771867773145,1893456007576310,0.3,4,buy
1771867773145,1893456007576309,0.7,4,buy
1771867773171,1893456007576312,0.3,4,buy
1771867773171,1893456007576311,0.7,4,buy
1771867773205,1893456007576314,0.3,4,buy
1771867773205,1893456007576313,0.7,4,buy
1771867773232,1893456007576316,0.3,4,buy
1771867773232,1893456007576315,0.7,4,buy
1771867773262,1893456007576318,0.3,4,buy
1771867773262,1893456007576317,0.7,4,buy
1771867773288,1893456007576320,0.3,4,buy
1771867773288,1893456007576319,0.7,4,buy
1771867773313,1893456007576322,0.3,4,buy
1771867773313,1893456007576321,0.7,4,buy
1771867773338,1893456007576324,0.3,4,buy
1771867773338,1893456007576323,0.7,4,buy
1771867773370,1893456007576326,0.3,4,buy
1771867773370,1893456007576325,0.7,4,buy
1771867773398,1893456007576328,0.3,4,buy
1771867773398,1893456007576327,0.7,4,buy
1771867773436,1893456007576330,0.3,4,buy
1771867773436,1893456007576329,0.7,4,buy
1771867773474,1893456007576332,0.3,4,buy
1771867773474,1893456007576331,0.7,4,buy
1771867773504,1893456007576334,0.3,4,buy
1771867773504,1893456007576333,0.7,4,buy
1771867774187,1893456007576336,0.3,1000,buy
1771867774187,1893456007576335,0.7,1000,buy
1771867775398,1893456007576338,0.3,1000,buy
1771867775398,1893456007576337,0.7,1000,buy
1771867777456,1893456007576340,0.3,1000,buy
1771867777456,1893456007576339,0.7,1000,buy
1771867796775,1893456007576346,0.72,6,buy
1771867796775,1893456007576345,0.71,4,buy
1771867796775,1893456007576344,0.7,1000,buy
1771867796775,1893456007576343,0.28,6,buy
1771867796775,1893456007576342,0.29,4,buy
1771867796775,1893456007576341,0.3,1000,buy
1771867796814,1893456007576350,0.28,4,buy
1771867796814,1893456007576349,0.72,4,buy
1771867796814,1893456007576348,0.28,6,buy
1771867796814,1893456007576347,0.72,6,buy
1771867796849,1893456007576354,0.28,4,buy
1771867796849,1893456007576353,0.72,4,buy
1771867796849,1893456007576352,0.28,6,buy
1771867796849,1893456007576351,0.72,6,buy
1771867796884,1893456007576358,0.28,4,buy
1771867796884,1893456007576357,0.72,4,buy
1771867796884,1893456007576356,0.28,6,buy
1771867796884,1893456007576355,0.72,6,buy
1771867796919,1893456007576362,0.28,4,buy
1771867796919,1893456007576361,0.72,4,buy
1771867796919,1893456007576360,0.28,6,buy
1771867796919,1893456007576359,0.72,6,buy
1771867796957,1893456007576366,0.28,4,buy
1771867796957,1893456007576365,0.72,4,buy
1771867796957,1893456007576364,0.28,6,buy
1771867796957,1893456007576363,0.72,6,buy
1771867796985,1893456007576370,0.28,4,buy
1771867796985,1893456007576369,0.72,4,buy
1771867796985,1893456007576368,0.28,6,buy
1771867796985,1893456007576367,0.72,6,buy
1771867797024,1893456007576374,0.28,4,buy
1771867797024,1893456007576373,0.72,4,buy
1771867797024,1893456007576372,0.28,6,buy
1771867797024,1893456007576371,0.72,6,buy
1771867797064,1893456007576376,0.28,4,buy
1771867797064,1893456007576375,0.72,4,buy
1771867797095,1893456007576378,0.28,4,buy
1771867797095,1893456007576377,0.72,4,buy
1771867797127,1893456007576380,0.28,4,buy
1771867797127,1893456007576379,0.72,4,buy
1771867797153,1893456007576382,0.28,4,buy
1771867797153,1893456007576381,0.72,4,buy
1771867797179,1893456007576384,0.28,4,buy
1771867797179,1893456007576383,0.72,4,buy
1771867797206,1893456007576386,0.28,4,buy
1771867797206,1893456007576385,0.72,4,buy
1771867797244,1893456007576388,0.28,4,buy
1771867797244,1893456007576387,0.72,4,buy
1771867797285,1893456007576390,0.28,4,buy
1771867797285,1893456007576389,0.72,4,buy
1771867797324,1893456007576392,0.28,4,buy
1771867797324,1893456007576391,0.72,4,buy
1771867797354,1893456007576394,0.28,4,buy
1771867797354,1893456007576393,0.72,4,buy
1771867797380,1893456007576396,0.28,4,buy
1771867797380,1893456007576395,0.72,4,buy
1771867797414,1893456007576398,0.28,4,buy
1771867797414,1893456007576397,0.72,4,buy
1771867797446,1893456007576400,0.28,4,buy
1771867797446,1893456007576399,0.72,4,buy
1771867797574,1893456007576402,0.28,4,buy
1771867797574,1893456007576401,0.72,4,buy
1771867797588,1893456007576404,0.28,1000,buy
1771867797588,1893456007576403,0.72,1000,buy
1771867797604,1893456007576406,0.28,4,buy
1771867797604,1893456007576405,0.72,4,buy
1771867797636,1893456007576408,0.28,4,buy
1771867797636,1893456007576407,0.72,4,buy
1771867797674,1893456007576410,0.28,4,buy
1771867797674,1893456007576409,0.72,4,buy
1771867797740,1893456007576412,0.28,4,buy
1771867797740,1893456007576411,0.72,4,buy
1771867797785,1893456007576414,0.28,4,buy
1771867797785,1893456007576413,0.72,4,buy
1771867799385,1893456007576416,0.28,4,buy
1771867799385,1893456007576415,0.72,4,buy
1771867799420,1893456007576418,0.28,4,buy
1771867799420,1893456007576417,0.72,4,buy
1771867799447,1893456007576420,0.28,4,buy
1771867799447,1893456007576419,0.72,4,buy
1771867799489,1893456007576422,0.28,4,buy
1771867799489,1893456007576421,0.72,4,buy
1771867799519,1893456007576424,0.28,4,buy
1771867799519,1893456007576423,0.72,4,buy
1771867799554,1893456007576428,0.28,6,buy
1771867799554,1893456007576427,0.72,6,buy
1771867799554,1893456007576426,0.28,4,buy
1771867799554,1893456007576425,0.72,4,buy
1771867799592,1893456007576432,0.28,4,buy
1771867799592,1893456007576431,0.72,4,buy
1771867799592,1893456007576430,0.28,6,buy
1771867799592,1893456007576429,0.72,6,buy
1771867799633,1893456007576436,0.28,4,buy
1771867799633,1893456007576435,0.72,4,buy
1771867799633,1893456007576434,0.28,6,buy
1771867799633,1893456007576433,0.72,6,buy
1771867812800,1893456007576440,0.28,1000,buy
1771867812800,1893456007576439,0.72,1000,buy
1771867818415,1893456007576444,0.28,9,buy
1771867818415,1893456007576443,0.72,9,buy
1771867836615,1893456007576448,0.28,967,buy
1771867836615,1893456007576447,0.72,967,buy
1771867862695,1893456007576472,0.28,13,buy
1771867862695,1893456007576471,0.72,13,buy
1771867862905,1893456007576474,0.28,19,buy
1771867862905,1893456007576473,0.72,19,buy
1771867930934,1893456007576494,0.24,1,buy
1771867930934,1893456007576493,0.76,1,buy
1771867970067,1893456007576498,0.26,2,buy
1771867970067,1893456007576497,0.24,2,buy
1771867970067,1893456007576496,0.74,2,buy
1771867970067,1893456007576495,0.76,2,buy
1771868337296,1893456007576592,0.65,64,buy
1771868337296,1893456007576591,0.64,6,buy
1771868337296,1893456007576590,0.63,4,buy
1771868337296,1893456007576589,0.35,64,buy
1771868337296,1893456007576588,0.36,6,buy
1771868337296,1893456007576587,0.37,4,buy
1771868437126,1893456007576600,0.38,39,buy
1771868437126,1893456007576599,0.62,39,buy
1771868486916,1893456007576610,0.88,17,buy
1771868486916,1893456007576609,0.87,14,buy
1771868486916,1893456007576608,0.86,2,buy
1771868486916,1893456007576607,0.12,17,buy
1771868486916,1893456007576606,0.13,14,buy
1771868486916,1893456007576605,0.14,2,buy
1771868756747,1893456007577172,0.66,77,buy
1771868756747,1893456007577171,0.34,77,buy
1771868774176,1893456007577182,0.58,83,buy
1771868774176,1893456007577181,0.42,83,buy
1771868780356,1893456007577196,0.61,769,buy
1771868780356,1893456007577195,0.59,21,buy
1771868780356,1893456007577194,0.58,17,buy
1771868780356,1893456007577193,0.57,13,buy
1771868780356,1893456007577192,0.56,9,buy
1771868780356,1893456007577191,0.55,6,buy
1771868780356,1893456007577190,0.54,4,buy
1771868780356,1893456007577189,0.39,769,buy
1771868780356,1893456007577188,0.41,21,buy
1771868780356,1893456007577187,0.42,17,buy
1771868780356,1893456007577186,0.43,13,buy
1771868780356,1893456007577185,0.44,9,buy
1771868780356,1893456007577184,0.45,6,buy
1771868780356,1893456007577183,0.46,4,buy
1771868780439,1893456007577200,0.39,6,buy
1771868780439,1893456007577199,0.61,6,buy
1771868780439,1893456007577198,0.39,21,buy
1771868780439,1893456007577197,0.61,21,buy
1771868780444,1893456007577208,0.39,17,buy
1771868780444,1893456007577207,0.61,17,buy
1771868780444,1893456007577206,0.39,9,buy
1771868780444,1893456007577205,0.61,9,buy
1771868780444,1893456007577204,0.39,13,buy
1771868780444,1893456007577203,0.61,13,buy
1771868780444,1893456007577202,0.39,4,buy
1771868780444,1893456007577201,0.61,4,buy
1771868780472,1893456007577210,0.39,10,buy
1771868780472,1893456007577209,0.61,10,buy
1771868780773,1893456007577212,0.39,555,buy
1771868780773,1893456007577211,0.61,555,buy
1771868783106,1893456007577214,0.39,17,buy
1771868783106,1893456007577213,0.61,17,buy
1771868783528,1893456007577216,0.39,535,buy
1771868783528,1893456007577215,0.61,535,buy
1771868784650,1893456007577218,0.39,555,buy
1771868784650,1893456007577217,0.61,555,buy
1771868790124,1893456007577220,0.39,419,buy
1771868790124,1893456007577219,0.61,419,buy
1771868801577,1893456007577222,0.38,483,buy
1771868801577,1893456007577221,0.62,483,buy
1771868852463,1893456007577226,0.5,9,buy
1771868852463,1893456007577225,0.5,9,buy
1771868949980,1893456007577241,0.6,2,buy
1771868949980,1893456007577240,0.4,2,buy
1771868990444,1893456007577245,0.7,55,buy
1771868990444,1893456007577244,0.3,55,buy
1771869024327,1893456007577249,0.46,555,buy
1771869024327,1893456007577248,0.54,555,buy
1771869062512,1893456007577251,0.45,10,buy
1771869062512,1893456007577250,0.55,10,buy
