timestamp_ms,tid,price,amount,type
1772309029867,1893456007678269,0.11,614,buy
1772309029867,1893456007678268,0.09,329,buy
1772309029867,1893456007678267,0.89,214,buy
1772309029867,1893456007678266,0.89,400,buy
1772309029867,1893456007678265,0.91,329,buy
1772309620465,1893456007678522,0.15,200,buy
1772309620465,1893456007678521,0.85,200,buy
1772309623106,1893456007678526,0.15,200,buy
1772309623106,1893456007678525,0.85,200,buy
1772309624479,1893456007678528,0.15,152,buy
1772309624479,1893456007678527,0.85,152,buy
1772309624664,1893456007678530,0.85,48,buy
1772309624664,1893456007678529,0.15,48,buy
1772309629959,1893456007678532,0.15,304,buy
1772309629959,1893456007678531,0.85,304,buy
1772309630081,1893456007678537,0.85,152,buy
1772309630081,1893456007678536,0.84,200,buy
1772309630081,1893456007678535,0.15,56,buy
1772309630081,1893456007678534,0.15,96,buy
1772309630081,1893456007678533,0.16,200,buy
1772309634686,1893456007678541,0.17,200,buy
1772309634686,1893456007678540,0.83,200,buy
1772309654266,1893456007678551,0.17,361,buy
1772309654266,1893456007678550,0.83,361,buy
1772309654314,1893456007678553,0.82,361,buy
1772309654314,1893456007678552,0.18,361,buy
1772309654462,1893456007678555,0.82,278,buy
1772309654462,1893456007678554,0.18,278,buy
1772309659357,1893456007678557,0.17,83,buy
1772309659357,1893456007678556,0.83,83,buy
1772309888404,1893456007678661,0.86,204,buy
1772309888404,1893456007678660,0.14,204,buy
1772310013246,1893456007678690,0.25,684,buy
1772310013246,1893456007678689,0.24,635,buy
1772310013246,1893456007678688,0.23,35,buy
1772310013246,1893456007678687,0.21,379,buy
1772310013246,1893456007678686,0.75,600,buy
1772310013246,1893456007678685,0.75,49,buy
1772310013246,1893456007678684,0.75,20,buy
1772310013246,1893456007678683,0.75,15,buy
1772310013246,1893456007678682,0.76,200,buy
1772310013246,1893456007678681,0.76,400,buy
1772310013246,1893456007678680,0.76,20,buy
1772310013246,1893456007678679,0.76,15,buy
1772310013246,1893456007678678,0.77,20,buy
1772310013246,1893456007678677,0.77,15,buy
1772310013246,1893456007678676,0.79,379,buy
1772310013354,1893456007678692,0.75,49,buy
1772310013354,1893456007678691,0.25,49,buy
1772310013364,1893456007678694,0.75,15,buy
1772310013364,1893456007678693,0.25,15,buy
1772310013394,1893456007678704,0.75,20,buy
1772310013394,1893456007678703,0.25,20,buy
1772310013394,1893456007678702,0.75,20,buy
1772310013394,1893456007678701,0.25,20,buy
1772310013394,1893456007678700,0.75,20,buy
1772310013394,1893456007678699,0.25,20,buy
1772310013394,1893456007678698,0.75,15,buy
1772310013394,1893456007678697,0.25,15,buy
1772310013394,1893456007678696,0.75,15,buy
1772310013394,1893456007678695,0.25,15,buy
1772310013434,1893456007678706,0.75,379,buy
1772310013434,1893456007678705,0.25,379,buy
1772310013794,1893456007678708,0.75,146,buy
1772310013794,1893456007678707,0.25,146,buy
1772310017404,1893456007678710,0.22,200,buy
1772310017404,1893456007678709,0.78,200,buy
1772310024558,1893456007678714,0.28,200,buy
1772310024558,1893456007678713,0.72,200,buy
1772310050230,1893456007678728,0.36,15,buy
1772310050230,1893456007678727,0.64,15,buy
1772310058255,1893456007678735,0.37,35,buy
1772310058255,1893456007678734,0.63,20,buy
1772310058255,1893456007678733,0.63,15,buy
1772310099844,1893456007678778,0.49,16,buy
1772310099844,1893456007678777,0.51,16,buy
1772310102709,1893456007678780,0.53,4,buy
1772310102709,1893456007678779,0.47,4,buy
1772310102824,1893456007678782,0.54,50,buy
1772310102824,1893456007678781,0.46,50,buy
1772310151645,1893456007678804,0.57,1,buy
1772310151645,1893456007678803,0.43,1,buy
1772310219949,1893456007678827,0.48,10,buy
1772310219949,1893456007678826,0.52,10,buy
1772310221278,1893456007678829,0.53,1,buy
1772310221278,1893456007678828,0.47,1,buy
1772310243284,1893456007678835,0.53,172,buy
1772310243284,1893456007678834,0.47,172,buy
1772310413672,1893456007678877,0.48,9,buy
1772310413672,1893456007678876,0.52,9,buy
1772310451018,1893456007678897,0.59,15,buy
1772310451018,1893456007678896,0.41,15,buy
1772310460810,1893456007678899,0.33,9,sell
1772310460810,1893456007678898,0.33,9,buy
1772310859964,1893456007678980,0.22,200,buy
1772310859964,1893456007678979,0.78,200,buy
1772311183906,1893456007679070,0.14,200,buy
1772311183906,1893456007679069,0.86,200,buy
1772311186573,1893456007679080,0.14,148,buy
1772311186573,1893456007679079,0.86,148,buy
1772311271067,1893456007679102,0.74,1,buy
1772311271067,1893456007679101,0.26,1,buy
1772311321886,1893456007679112,0.22,200,buy
1772311321886,1893456007679111,0.78,200,buy
1772311422006,1893456007679128,0.17,280,buy
1772311422006,1893456007679127,0.83,280,buy
1772311464916,1893456007679134,0.15,200,buy
1772311464916,1893456007679133,0.85,200,buy
1772311468820,1893456007679136,0.15,152,buy
1772311468820,1893456007679135,0.85,152,buy
1772311471120,1893456007679138,0.15,200,buy
1772311471120,1893456007679137,0.85,200,buy
1772311471158,1893456007679140,0.15,152,buy
1772311471158,1893456007679139,0.85,152,buy
1772311471735,1893456007679143,0.85,352,buy
1772311471735,1893456007679142,0.15,104,buy
1772311471735,1893456007679141,0.15,248,buy
1772311472500,1893456007679145,0.85,200,buy
1772311472500,1893456007679144,0.15,200,buy
1772311472907,1893456007679147,0.15,152,buy
1772311472907,1893456007679146,0.85,152,buy
1772311472975,1893456007679149,0.85,48,buy
1772311472975,1893456007679148,0.15,48,buy
1772311477988,1893456007679151,0.15,200,buy
1772311477988,1893456007679150,0.85,200,buy
1772311528348,1893456007679161,0.16,200,buy
1772311528348,1893456007679160,0.84,200,buy
1772311528538,1893456007679163,0.16,157,buy
1772311528538,1893456007679162,0.84,157,buy
1772311581154,1893456007679184,0.22,10,buy
1772311581154,1893456007679183,0.22,10,sell
1772311617845,1893456007679241,0.59,35,buy
1772311617845,1893456007679240,0.41,20,buy
1772311617845,1893456007679239,0.41,15,buy
1772311617856,1893456007679245,0.6,99,buy
1772311617856,1893456007679244,0.4,64,buy
1772311617856,1893456007679243,0.4,20,buy
1772311617856,1893456007679242,0.4,15,buy
1772311617930,1893456007679247,0.4,15,buy
1772311617930,1893456007679246,0.6,15,buy
1772311618848,1893456007679249,0.62,100,buy
1772311618848,1893456007679248,0.38,100,buy
1772311626604,1893456007679255,0.42,15,buy
1772311626604,1893456007679254,0.58,15,buy
1772311626638,1893456007679257,0.42,15,buy
1772311626638,1893456007679256,0.58,15,buy
1772311626684,1893456007679259,0.42,3,buy
1772311626684,1893456007679258,0.58,3,buy
1772311664675,1893456007679269,0.57,15,buy
1772311664675,1893456007679268,0.43,15,buy
1772311664790,1893456007679271,0.57,20,buy
1772311664790,1893456007679270,0.43,20,buy
1772311665505,1893456007679273,0.53,20,buy
1772311665505,1893456007679272,0.47,20,buy
1772311665745,1893456007679279,0.54,400,buy
1772311665745,1893456007679278,0.46,400,buy
1772311665918,1893456007679281,0.55,200,buy
1772311665918,1893456007679280,0.45,200,buy
1772311669575,1893456007679283,0.29,15,buy
1772311669575,1893456007679282,0.71,15,buy
1772311669617,1893456007679285,0.71,15,buy
1772311669617,1893456007679284,0.29,15,buy
1772311669654,1893456007679287,0.71,20,buy
1772311669654,1893456007679286,0.29,20,buy
1772311669677,1893456007679289,0.71,15,buy
1772311669677,1893456007679288,0.29,15,buy
1772311669751,1893456007679291,0.71,15,buy
1772311669751,1893456007679290,0.29,15,buy
1772311669798,1893456007679293,0.71,15,buy
1772311669798,1893456007679292,0.29,15,buy
1772311670194,1893456007679296,0.32,35,buy
1772311670194,1893456007679295,0.68,20,buy
1772311670194,1893456007679294,0.68,15,buy
1772311670235,1893456007679298,0.68,15,buy
1772311670235,1893456007679297,0.32,15,buy
1772311670283,1893456007679300,0.32,20,buy
1772311670283,1893456007679299,0.68,20,buy
1772311670285,1893456007679302,0.68,15,buy
1772311670285,1893456007679301,0.32,15,buy
1772311670292,1893456007679306,0.33,200,buy
1772311670292,1893456007679305,0.67,165,buy
1772311670292,1893456007679304,0.67,20,buy
1772311670292,1893456007679303,0.67,15,buy
1772311670335,1893456007679309,0.33,297,buy
1772311670335,1893456007679308,0.67,15,buy
1772311670335,1893456007679307,0.67,282,buy
1772311670342,1893456007679313,0.68,331,buy
1772311670342,1893456007679312,0.67,103,buy
1772311670342,1893456007679311,0.32,331,buy
1772311670342,1893456007679310,0.33,103,buy
1772311670356,1893456007679317,0.68,20,buy
1772311670356,1893456007679316,0.32,20,buy
1772311671533,1893456007679319,0.33,200,buy
1772311671533,1893456007679318,0.67,200,buy
1772311671825,1893456007679321,0.33,247,buy
1772311671825,1893456007679320,0.67,247,buy
1772311672099,1893456007679323,0.34,15,buy
1772311672099,1893456007679322,0.66,15,buy
1772311677164,1893456007679325,0.7,200,buy
1772311677164,1893456007679324,0.3,200,buy
1772311682159,1893456007679328,0.4,35,buy
1772311682159,1893456007679327,0.6,20,buy
1772311682159,1893456007679326,0.6,15,buy
1772311682204,1893456007679330,0.6,15,buy
1772311682204,1893456007679329,0.4,15,buy
1772311682224,1893456007679332,0.6,20,buy
1772311682224,1893456007679331,0.4,20,buy
1772311682270,1893456007679334,0.6,15,buy
1772311682270,1893456007679333,0.4,15,buy
1772311695588,1893456007679336,0.55,20,buy
1772311695588,1893456007679335,0.45,20,buy
1772311705984,1893456007679340,0.59,100,sell
1772311705984,1893456007679339,0.59,65,buy
1772311705984,1893456007679338,0.59,20,buy
1772311705984,1893456007679337,0.59,15,buy
1772311842067,1893456007679366,0.52,50,buy
1772311842067,1893456007679365,0.48,50,buy
1772311848361,1893456007679368,0.48,20,buy
1772311848361,1893456007679367,0.52,20,buy
1772311939997,1893456007679384,0.41,200,buy
1772311939997,1893456007679383,0.59,200,buy
1772311946136,1893456007679388,0.41,50,buy
1772311946136,1893456007679387,0.59,50,buy
1772311946193,1893456007679392,0.45,20,buy
1772311946193,1893456007679391,0.55,20,buy
1772311955315,1893456007679403,0.56,35,buy
1772311955315,1893456007679402,0.55,20,buy
1772311955315,1893456007679401,0.44,15,buy
1772311955315,1893456007679400,0.44,20,buy
1772311955315,1893456007679399,0.45,20,buy
1772311955362,1893456007679410,0.58,20,buy
1772311955362,1893456007679409,0.57,35,buy
1772311955362,1893456007679408,0.42,20,buy
1772311955362,1893456007679407,0.43,15,buy
1772311955362,1893456007679406,0.43,20,buy
1772311955381,1893456007679417,0.59,35,buy
1772311955381,1893456007679416,0.41,20,buy
1772311955381,1893456007679415,0.41,15,buy
1772311955404,1893456007679419,0.41,15,buy
1772311955404,1893456007679418,0.59,15,buy
1772311955487,1893456007679427,0.41,20,buy
1772311955487,1893456007679426,0.59,20,buy
1772311955496,1893456007679430,0.6,35,buy
1772311955496,1893456007679429,0.4,20,buy
1772311955496,1893456007679428,0.4,15,buy
1772311955504,1893456007679432,0.4,15,buy
1772311955504,1893456007679431,0.6,15,buy
1772311955509,1893456007679441,0.63,35,buy
1772311955509,1893456007679440,0.62,35,buy
1772311955509,1893456007679439,0.61,35,buy
1772311955509,1893456007679438,0.37,15,buy
1772311955509,1893456007679437,0.37,20,buy
1772311955509,1893456007679436,0.38,15,buy
1772311955509,1893456007679435,0.38,20,buy
1772311955509,1893456007679434,0.39,20,buy
1772311955509,1893456007679433,0.39,15,buy
1772311955594,1893456007679453,0.38,15,buy
1772311955594,1893456007679452,0.62,15,buy
1772311955594,1893456007679451,0.38,15,buy
1772311955594,1893456007679450,0.62,15,buy
1772311955594,1893456007679449,0.38,15,buy
1772311955594,1893456007679448,0.62,15,buy
1772311955594,1893456007679447,0.38,15,buy
1772311955594,1893456007679446,0.62,15,buy
1772311955614,1893456007679459,0.39,20,buy
1772311955614,1893456007679458,0.61,20,buy
1772311955614,1893456007679457,0.39,20,buy
1772311955614,1893456007679456,0.61,20,buy
1772311969868,1893456007679465,0.32,200,buy
1772311969868,1893456007679464,0.68,200,buy
1772312016802,1893456007679473,0.31,200,buy
1772312016802,1893456007679472,0.69,200,buy
1772312016805,1893456007679475,0.31,200,buy
1772312016805,1893456007679474,0.69,200,buy
1772312016867,1893456007679477,0.31,34,buy
1772312016867,1893456007679476,0.69,34,buy
1772312017343,1893456007679479,0.32,200,buy
1772312017343,1893456007679478,0.68,200,buy
1772312032567,1893456007679485,0.39,20,buy
1772312032567,1893456007679484,0.61,20,buy
1772312051250,1893456007679506,0.5,35,buy
1772312051250,1893456007679505,0.49,35,buy
1772312051250,1893456007679504,0.48,35,buy
1772312051250,1893456007679503,0.47,35,buy
1772312051250,1893456007679502,0.46,35,buy
1772312051250,1893456007679501,0.5,20,buy
1772312051250,1893456007679500,0.5,15,buy
1772312051250,1893456007679499,0.51,20,buy
1772312051250,1893456007679498,0.51,15,buy
1772312051250,1893456007679497,0.52,20,buy
1772312051250,1893456007679496,0.52,15,buy
1772312051250,1893456007679495,0.53,20,buy
1772312051250,1893456007679494,0.53,15,buy
1772312051250,1893456007679493,0.54,20,buy
1772312051250,1893456007679492,0.54,15,buy
1772312051296,1893456007679520,0.5,15,buy
1772312051296,1893456007679519,0.5,15,buy
1772312051296,1893456007679518,0.5,15,buy
1772312051296,1893456007679517,0.5,15,buy
1772312051296,1893456007679516,0.5,15,buy
1772312051296,1893456007679515,0.5,15,buy
1772312051296,1893456007679514,0.5,15,buy
1772312051296,1893456007679513,0.5,15,buy
1772312051296,1893456007679512,0.5,15,buy
1772312051296,1893456007679511,0.5,15,buy
1772312051331,1893456007679530,0.5,20,buy
1772312051331,1893456007679529,0.5,20,buy
1772312051331,1893456007679528,0.5,20,buy
1772312051331,1893456007679527,0.5,20,buy
1772312051331,1893456007679526,0.5,20,buy
1772312051331,1893456007679525,0.5,20,buy
1772312051331,1893456007679524,0.5,20,buy
1772312051331,1893456007679523,0.5,20,buy
1772312051331,1893456007679522,0.5,20,buy
1772312051331,1893456007679521,0.5,20,buy
1772312051365,1893456007679532,0.49,15,buy
1772312051365,1893456007679531,0.51,15,buy
1772312051409,1893456007679534,0.49,15,buy
1772312051409,1893456007679533,0.51,15,buy
1772312051437,1893456007679536,0.52,15,buy
1772312051437,1893456007679535,0.48,15,buy
1772312051474,1893456007679538,0.48,20,buy
1772312051474,1893456007679537,0.52,20,buy
1772312051475,1893456007679540,0.48,20,buy
1772312051475,1893456007679539,0.52,20,buy
1772312051945,1893456007679550,0.47,15,buy
1772312051945,1893456007679549,0.53,15,buy
1772312051945,1893456007679548,0.47,15,buy
1772312051945,1893456007679547,0.53,15,buy
1772312051945,1893456007679546,0.47,15,buy
1772312051945,1893456007679545,0.53,15,buy
1772312051945,1893456007679544,0.47,15,buy
1772312051945,1893456007679543,0.53,15,buy
1772312051945,1893456007679542,0.47,15,buy
1772312051945,1893456007679541,0.53,15,buy
1772312066498,1893456007679552,0.53,50,sell
1772312066498,1893456007679551,0.53,50,buy
1772312067896,1893456007679558,0.5,35,buy
1772312067896,1893456007679557,0.49,35,buy
1772312067896,1893456007679556,0.5,20,buy
1772312067896,1893456007679555,0.5,15,buy
1772312067896,1893456007679554,0.51,20,buy
1772312067896,1893456007679553,0.51,15,buy
1772312067967,1893456007679560,0.52,199,buy
1772312067967,1893456007679559,0.48,199,buy
1772312171604,1893456007679570,0.79,379,buy
1772312171604,1893456007679569,0.21,379,buy
1772312171754,1893456007679572,0.79,221,buy
1772312171754,1893456007679571,0.21,221,buy
1772312173104,1893456007679574,0.8,10,buy
1772312173104,1893456007679573,0.2,10,buy
1772312182806,1893456007679584,0.19,370,buy
1772312182806,1893456007679583,0.81,370,buy
1772312203967,1893456007679594,0.83,7,buy
1772312203967,1893456007679593,0.17,7,buy
1772312218176,1893456007679598,0.16,200,buy
1772312218176,1893456007679597,0.84,200,buy
1772312221977,1893456007679600,0.19,200,buy
1772312221977,1893456007679599,0.81,200,buy
1772312227708,1893456007679602,0.15,200,buy
1772312227708,1893456007679601,0.85,200,buy
1772312227924,1893456007679606,0.18,200,buy
1772312227924,1893456007679605,0.82,200,buy
1772312227997,1893456007679608,0.18,165,buy
1772312227997,1893456007679607,0.82,165,buy
1772312228274,1893456007679610,0.81,200,buy
1772312228274,1893456007679609,0.19,200,buy
1772312228342,1893456007679612,0.82,365,buy
1772312228342,1893456007679611,0.18,365,buy
1772312228434,1893456007679614,0.82,200,buy
1772312228434,1893456007679613,0.18,200,buy
1772312240957,1893456007679616,0.84,5,buy
1772312240957,1893456007679615,0.16,5,buy
1772312284179,1893456007679628,0.09,200,buy
1772312284179,1893456007679627,0.91,200,buy
1772312284864,1893456007679630,0.1,200,buy
1772312284864,1893456007679629,0.9,200,buy
1772312363806,1893456007679638,0.79,20,buy
1772312363806,1893456007679637,0.21,20,buy
1772312366087,1893456007679640,0.76,1,buy
1772312366087,1893456007679639,0.24,1,buy
1772312376847,1893456007679644,0.85,1,buy
1772312376847,1893456007679643,0.15,1,buy
1772312380805,1893456007679648,0.21,40,buy
1772312380805,1893456007679647,0.18,1,buy
1772312380805,1893456007679646,0.79,40,buy
1772312380805,1893456007679645,0.82,1,buy
1772312384077,1893456007679650,0.84,1,buy
1772312384077,1893456007679649,0.16,1,buy
1772312385506,1893456007679652,0.79,1,buy
1772312385506,1893456007679651,0.21,1,buy
1772312386852,1893456007679654,0.8,1,buy
1772312386852,1893456007679653,0.2,1,buy
1772312388127,1893456007679656,0.8,1,buy
1772312388127,1893456007679655,0.2,1,buy
1772312389407,1893456007679658,0.8,1,buy
1772312389407,1893456007679657,0.2,1,buy
1772312393013,1893456007679662,0.24,200,buy
1772312393013,1893456007679661,0.24,200,sell
1772312393067,1893456007679664,0.24,200,buy
1772312393067,1893456007679663,0.24,200,sell
