timestamp_ms,tid,price,amount,type
1772737506976,1893456007761317,0.39,366,buy
1772737506976,1893456007761316,0.61,316,buy
1772737506976,1893456007761315,0.61,50,buy
1772737513397,1893456007761320,0.66,29,buy
1772737513397,1893456007761319,0.34,4,buy
1772737513397,1893456007761318,0.34,25,buy
1772737625676,1893456007761333,0.67,20,buy
1772737625676,1893456007761332,0.33,20,buy
1772737804042,1893456007761349,0.74,50,buy
1772737804042,1893456007761348,0.74,50,sell
1772737898796,1893456007761353,0.22,15,buy
1772737898796,1893456007761352,0.78,15,buy
1772737948253,1893456007761363,0.71,25,buy
1772737948253,1893456007761362,0.29,25,buy
1772737948672,1893456007761365,0.73,25,buy
1772737948672,1893456007761364,0.27,25,buy
1772737948705,1893456007761367,0.27,25,buy
1772737948705,1893456007761366,0.73,25,buy
1772737960605,1893456007761369,0.73,25,buy
1772737960605,1893456007761368,0.27,25,buy
1772737971837,1893456007761371,0.73,25,buy
1772737971837,1893456007761370,0.27,25,buy
1772737971867,1893456007761373,0.27,25,buy
1772737971867,1893456007761372,0.73,25,buy
1772737975427,1893456007761376,0.74,66,buy
1772737975427,1893456007761375,0.26,41,buy
1772737975427,1893456007761374,0.26,25,buy
1772737975456,1893456007761378,0.26,34,buy
1772737975456,1893456007761377,0.74,34,buy
1772737980597,1893456007761381,0.74,32,buy
1772737980597,1893456007761380,0.26,25,buy
1772737980597,1893456007761379,0.26,7,buy
1772737980606,1893456007761383,0.26,41,buy
1772737980606,1893456007761382,0.74,41,buy
1772737980616,1893456007761385,0.26,27,buy
1772737980616,1893456007761384,0.74,27,buy
1772737981857,1893456007761388,0.74,39,buy
1772737981857,1893456007761387,0.26,25,buy
1772737981857,1893456007761386,0.26,14,buy
1772737981866,1893456007761390,0.26,41,buy
1772737981866,1893456007761389,0.74,41,buy
1772737981876,1893456007761392,0.26,20,buy
1772737981876,1893456007761391,0.74,20,buy
1772737990734,1893456007761395,0.74,46,buy
1772737990734,1893456007761394,0.26,25,buy
1772737990734,1893456007761393,0.26,21,buy
1772737990757,1893456007761397,0.26,41,buy
1772737990757,1893456007761396,0.74,41,buy
1772737990766,1893456007761400,0.26,41,buy
1772737990766,1893456007761399,0.74,28,buy
1772737990766,1893456007761398,0.74,13,buy
1772737990776,1893456007761402,0.26,41,buy
1772737990776,1893456007761401,0.74,41,buy
1772737990791,1893456007761404,0.26,25,buy
1772737990791,1893456007761403,0.74,25,buy
1772737990792,1893456007761406,0.26,41,buy
1772737990792,1893456007761405,0.74,41,buy
1772737990807,1893456007761408,0.26,41,buy
1772737990807,1893456007761407,0.74,41,buy
1772737990813,1893456007761411,0.75,100,buy
1772737990813,1893456007761410,0.25,75,buy
1772737990813,1893456007761409,0.25,25,buy
1772737995113,1893456007761418,0.75,66,buy
1772737995113,1893456007761417,0.25,25,buy
1772737995113,1893456007761416,0.25,41,buy
1772737995126,1893456007761420,0.25,34,buy
1772737995126,1893456007761419,0.75,34,buy
1772737995174,1893456007761423,0.75,32,buy
1772737995174,1893456007761422,0.25,25,buy
1772737995174,1893456007761421,0.25,7,buy
1772737995179,1893456007761425,0.25,41,buy
1772737995179,1893456007761424,0.75,41,buy
1772737995184,1893456007761427,0.25,41,buy
1772737995184,1893456007761426,0.75,41,buy
1772737995190,1893456007761429,0.25,41,buy
1772737995190,1893456007761428,0.75,41,buy
1772737995196,1893456007761431,0.25,41,buy
1772737995196,1893456007761430,0.75,41,buy
1772737995202,1893456007761433,0.25,4,buy
1772737995202,1893456007761432,0.75,4,buy
1772737997357,1893456007761436,0.75,62,buy
1772737997357,1893456007761435,0.25,25,buy
1772737997357,1893456007761434,0.25,37,buy
1772737997367,1893456007761438,0.25,38,buy
1772737997367,1893456007761437,0.75,38,buy
1772737997700,1893456007761441,0.75,28,buy
1772737997700,1893456007761440,0.25,25,buy
1772737997700,1893456007761439,0.25,3,buy
1772737997705,1893456007761443,0.25,41,buy
1772737997705,1893456007761442,0.75,41,buy
1772737997716,1893456007761445,0.25,41,buy
1772737997716,1893456007761444,0.75,41,buy
1772737997726,1893456007761447,0.25,41,buy
1772737997726,1893456007761446,0.75,41,buy
1772737997736,1893456007761449,0.25,41,buy
1772737997736,1893456007761448,0.75,41,buy
1772737997746,1893456007761451,0.25,8,buy
1772737997746,1893456007761450,0.75,8,buy
1772737997755,1893456007761456,0.76,67,buy
1772737997755,1893456007761455,0.75,33,buy
1772737997755,1893456007761454,0.24,42,buy
1772737997755,1893456007761453,0.24,25,buy
1772737997755,1893456007761452,0.25,33,buy
1772738467256,1893456007761599,0.86,10,buy
1772738500107,1893456007761609,0.84,10,buy
1772738656986,1893456007761622,0.82,27,buy
1772738656986,1893456007761621,0.82,33,buy
1772738728111,1893456007761628,0.74,65,buy
1772738772811,1893456007761634,0.67,15,buy
1772739023386,1893456007761714,0.62,100,buy
1772739023716,1893456007761716,0.62,43,sell
1772739051417,1893456007761730,0.55,25,sell
1772739051473,1893456007761732,0.55,25,buy
1772739052319,1893456007761734,0.55,25,sell
1772739052364,1893456007761736,0.55,25,buy
1772739059616,1893456007761739,0.54,53,sell
1772739059616,1893456007761738,0.54,25,sell
1772739059620,1893456007761741,0.54,22,buy
1772739069564,1893456007761754,0.54,25,sell
1772739069564,1893456007761753,0.54,31,sell
1772739069575,1893456007761756,0.54,44,buy
1772739069617,1893456007761758,0.54,9,sell
1772739069624,1893456007761760,0.54,25,buy
1772739069627,1893456007761762,0.54,53,buy
1772739069636,1893456007761764,0.54,53,buy
1772739069646,1893456007761766,0.54,53,buy
1772739294656,1893456007761800,0.59,10,buy
1772739317647,1893456007761804,0.62,4,buy
1772739435997,1893456007761818,0.44,25,sell
1772739436034,1893456007761820,0.44,25,buy
1772739455856,1893456007761824,0.38,30,sell
1772739583370,1893456007761838,0.44,121,sell
1772739583370,1893456007761837,0.44,25,sell
1772739583370,1893456007761836,0.45,25,sell
1772739772461,1893456007761853,0.73,10,buy
1772739934426,1893456007761857,0.52,13,sell
1772740077068,1893456007761863,0.71,9,buy
1772740077068,1893456007761862,0.71,100,buy
1772740077068,1893456007761861,0.71,25,buy
1772740194546,1893456007761872,0.65,25,sell
1772740194607,1893456007761874,0.65,25,buy
1772740212443,1893456007761876,0.72,366,buy
1772740237291,1893456007761882,0.75,100,sell
1772740237323,1893456007761884,0.75,200,sell
1772740237391,1893456007761886,0.75,93,sell
1772740260370,1893456007761891,0.7,2,buy
1772740260370,1893456007761890,0.69,25,buy
1772740432146,1893456007761898,0.47,25,sell
1772740432170,1893456007761900,0.47,25,sell
1772740553267,1893456007761914,0.3,5,sell
1772740568407,1893456007761917,0.3,25,buy
1772740568407,1893456007761916,0.3,25,buy
1772740568432,1893456007761919,0.3,25,sell
1772740568871,1893456007761922,0.3,25,buy
1772740568871,1893456007761921,0.3,25,buy
1772740568906,1893456007761924,0.3,25,sell
1772740568951,1893456007761926,0.3,25,sell
1772740583155,1893456007761928,0.3,100,buy
1772740583267,1893456007761930,0.3,100,buy
1772740583507,1893456007761932,0.3,85,buy
1772740589352,1893456007761934,0.26,100,sell
1772740591093,1893456007761936,0.26,34,buy
1772740620027,1893456007761940,0.3,25,buy
1772740699987,1893456007761944,0.23,207,sell
