timestamp_ms,tid,price,amount,type
1772316234387,1893456007680984,0.09,200,buy
1772316234387,1893456007680983,0.91,200,buy
1772316234708,1893456007680986,0.09,129,buy
1772316234708,1893456007680985,0.91,129,buy
1772316356146,1893456007681146,0.12,198,buy
1772316356146,1893456007681145,0.88,198,buy
1772316731906,1893456007681312,0.09,200,buy
1772316731906,1893456007681311,0.91,199,buy
1772316731906,1893456007681310,0.91,1,buy
1772316739227,1893456007681314,0.09,130,buy
1772316739227,1893456007681313,0.91,130,buy
1772316762827,1893456007681324,0.09,200,buy
1772316762827,1893456007681323,0.91,200,buy
1772316763811,1893456007681328,0.09,129,buy
1772316763811,1893456007681327,0.91,129,buy
1772316768179,1893456007681336,0.09,200,buy
1772316768179,1893456007681335,0.91,200,buy
1772316768237,1893456007681338,0.09,129,buy
1772316768237,1893456007681337,0.91,129,buy
1772317337941,1893456007681483,0.13,200,buy
1772317337941,1893456007681482,0.87,200,buy
1772317484987,1893456007681542,0.09,1,buy
1772317484987,1893456007681541,0.91,1,buy
1772317984944,1893456007681702,0.12,200,buy
1772317984944,1893456007681701,0.88,200,buy
1772317984991,1893456007681704,0.12,140,buy
1772317984991,1893456007681703,0.88,140,buy
1772317985565,1893456007681707,0.87,340,buy
1772317985565,1893456007681706,0.13,140,buy
1772317985565,1893456007681705,0.13,200,buy
1772317986112,1893456007681710,0.83,361,buy
1772317986112,1893456007681709,0.17,161,buy
1772317986112,1893456007681708,0.17,200,buy
1772318020133,1893456007681740,0.18,37,buy
1772318020133,1893456007681739,0.82,37,buy
1772318049142,1893456007681742,0.12,200,buy
1772318049142,1893456007681741,0.88,200,buy
1772318049218,1893456007681744,0.12,140,buy
1772318049218,1893456007681743,0.88,140,buy
1772318142555,1893456007681784,0.63,1,buy
1772318142555,1893456007681783,0.37,1,buy
1772318149335,1893456007681788,0.58,200,buy
1772318149335,1893456007681787,0.42,200,buy
1772318149335,1893456007681786,0.42,600,buy
1772318149335,1893456007681785,0.58,600,buy
1772318149337,1893456007681790,0.58,400,buy
1772318149337,1893456007681789,0.42,400,buy
1772318149604,1893456007681792,0.58,15,buy
1772318149604,1893456007681791,0.42,15,buy
1772318149644,1893456007681794,0.58,20,buy
1772318149644,1893456007681793,0.42,20,buy
1772318152969,1893456007681798,0.58,144,buy
1772318152969,1893456007681797,0.42,144,buy
1772318236427,1893456007681836,0.66,400,buy
1772318236427,1893456007681835,0.65,400,buy
1772318236427,1893456007681834,0.64,200,buy
1772318236427,1893456007681833,0.34,400,buy
1772318236427,1893456007681832,0.35,400,buy
1772318236427,1893456007681831,0.36,200,buy
1772318282347,1893456007681914,0.69,844,buy
1772318282347,1893456007681913,0.68,415,buy
1772318282347,1893456007681912,0.67,200,buy
1772318282347,1893456007681911,0.31,244,buy
1772318282347,1893456007681910,0.31,600,buy
1772318282347,1893456007681909,0.32,15,buy
1772318282347,1893456007681908,0.32,400,buy
1772318282347,1893456007681907,0.33,200,buy
1772318311469,1893456007681948,0.58,15,buy
1772318311469,1893456007681947,0.42,15,buy
1772318342646,1893456007681980,0.59,198,sell
1772318342646,1893456007681979,0.59,198,buy
1772318427818,1893456007682017,0.43,508,buy
1772318427818,1893456007682016,0.42,286,buy
1772318427818,1893456007682015,0.41,35,buy
1772318427818,1893456007682014,0.39,491,buy
1772318427818,1893456007682013,0.57,378,buy
1772318427818,1893456007682012,0.57,95,buy
1772318427818,1893456007682011,0.57,20,buy
1772318427818,1893456007682010,0.57,15,buy
1772318427818,1893456007682009,0.58,200,buy
1772318427818,1893456007682008,0.58,51,buy
1772318427818,1893456007682007,0.58,20,buy
1772318427818,1893456007682006,0.58,15,buy
1772318427818,1893456007682005,0.59,20,buy
1772318427818,1893456007682004,0.59,15,buy
1772318427818,1893456007682003,0.61,491,buy
1772318498611,1893456007682039,0.22,200,buy
1772318498611,1893456007682038,0.78,200,buy
1772318501040,1893456007682041,0.22,184,buy
1772318501040,1893456007682040,0.78,184,buy
1772318501464,1893456007682043,0.78,16,buy
1772318501464,1893456007682042,0.22,16,buy
1772318505118,1893456007682051,0.22,368,buy
1772318505118,1893456007682050,0.78,368,buy
1772318510410,1893456007682063,0.22,200,buy
1772318510410,1893456007682062,0.78,200,buy
1772318510426,1893456007682065,0.22,184,buy
1772318510426,1893456007682064,0.78,184,buy
1772318510783,1893456007682067,0.22,384,buy
1772318510783,1893456007682066,0.78,384,buy
1772318511828,1893456007682069,0.22,200,buy
1772318511828,1893456007682068,0.78,200,buy
1772318511832,1893456007682071,0.22,184,buy
1772318511832,1893456007682070,0.78,184,buy
1772318512035,1893456007682073,0.78,200,buy
1772318512035,1893456007682072,0.22,200,buy
1772318512750,1893456007682075,0.22,184,buy
1772318512750,1893456007682074,0.78,184,buy
1772318512864,1893456007682079,0.78,16,buy
1772318512864,1893456007682078,0.22,16,buy
1772318606009,1893456007682151,0.28,200,buy
1772318606009,1893456007682150,0.72,200,buy
1772318607407,1893456007682153,0.28,200,buy
1772318607407,1893456007682152,0.72,200,buy
1772318607417,1893456007682155,0.28,16,buy
1772318607417,1893456007682154,0.72,16,buy
1772318607464,1893456007682157,0.72,384,buy
1772318607464,1893456007682156,0.28,384,buy
1772318607637,1893456007682159,0.28,32,buy
1772318607637,1893456007682158,0.72,32,buy
1772318607865,1893456007682161,0.72,168,buy
1772318607865,1893456007682160,0.28,168,buy
1772318607908,1893456007682163,0.28,248,buy
1772318607908,1893456007682162,0.72,248,buy
1772318832127,1893456007682312,0.4,154,sell
1772318832127,1893456007682311,0.41,35,sell
1772318832127,1893456007682310,0.42,35,sell
1772318832127,1893456007682309,0.43,1035,sell
1772318832127,1893456007682308,0.44,200,sell
1772318832127,1893456007682307,0.4,119,buy
1772318832127,1893456007682306,0.4,20,buy
1772318832127,1893456007682305,0.4,15,buy
1772318832127,1893456007682304,0.41,20,buy
1772318832127,1893456007682303,0.41,15,buy
1772318832127,1893456007682302,0.42,20,buy
1772318832127,1893456007682301,0.42,15,buy
1772318832127,1893456007682300,0.43,600,buy
1772318832127,1893456007682299,0.43,400,buy
1772318832127,1893456007682298,0.43,20,buy
1772318832127,1893456007682297,0.43,15,buy
1772318832127,1893456007682296,0.44,200,buy
1772318840943,1893456007682322,0.51,200,buy
1772318840943,1893456007682321,0.49,200,buy
1772318849496,1893456007682336,0.49,200,buy
1772318849496,1893456007682335,0.51,200,buy
1772318850358,1893456007682346,0.51,200,buy
1772318850358,1893456007682345,0.49,165,buy
1772318850358,1893456007682344,0.49,20,buy
1772318850358,1893456007682343,0.49,15,buy
1772318868514,1893456007682356,0.59,200,buy
1772318868514,1893456007682355,0.41,200,buy
1772318902352,1893456007682372,0.42,200,buy
1772318902352,1893456007682371,0.58,200,buy
1772318902376,1893456007682374,0.42,317,buy
1772318902376,1893456007682373,0.58,317,buy
1772318904527,1893456007682377,0.45,35,buy
1772318904527,1893456007682376,0.55,15,buy
1772318904527,1893456007682375,0.55,20,buy
1772318904561,1893456007682379,0.55,15,buy
1772318904561,1893456007682378,0.45,15,buy
1772318904576,1893456007682381,0.46,20,buy
1772318904576,1893456007682380,0.54,20,buy
1772318904604,1893456007682383,0.54,20,buy
1772318904604,1893456007682382,0.46,20,buy
1772319023000,1893456007682509,0.42,711,buy
1772319023000,1893456007682508,0.41,200,buy
1772319023000,1893456007682507,0.58,111,buy
1772319023000,1893456007682506,0.58,600,buy
1772319023000,1893456007682505,0.59,200,buy
1772319055267,1893456007682519,0.76,64,buy
1772319055267,1893456007682518,0.24,64,buy
1772319056676,1893456007682521,0.27,3,buy
1772319056676,1893456007682520,0.73,3,buy
1772319061067,1893456007682523,0.23,200,buy
1772319061067,1893456007682522,0.77,200,buy
1772319061419,1893456007682525,0.23,189,buy
1772319061419,1893456007682524,0.77,189,buy
1772319061734,1893456007682527,0.75,200,buy
1772319061734,1893456007682526,0.25,200,buy
1772319061758,1893456007682529,0.25,200,buy
1772319061758,1893456007682528,0.75,200,buy
1772319062128,1893456007682532,0.26,35,buy
1772319062128,1893456007682531,0.74,20,buy
1772319062128,1893456007682530,0.74,15,buy
1772319082678,1893456007682540,0.83,100,buy
1772319082678,1893456007682539,0.17,100,buy
1772319083683,1893456007682542,0.2,200,buy
1772319083683,1893456007682541,0.8,200,buy
1772319104111,1893456007682548,0.19,100,buy
1772319104111,1893456007682547,0.81,100,buy
1772319112987,1893456007682550,0.19,200,buy
1772319112987,1893456007682549,0.81,200,buy
1772319121645,1893456007682552,0.81,5,buy
1772319121645,1893456007682551,0.19,5,buy
1772319130847,1893456007682554,0.14,200,buy
1772319130847,1893456007682553,0.86,200,buy
1772319131021,1893456007682556,0.14,148,buy
1772319131021,1893456007682555,0.86,148,buy
1772319206196,1893456007682584,0.84,64,buy
1772319206196,1893456007682583,0.84,64,sell
