timestamp_ms,tid,price,amount,type
1771608444505,1893456007532138,0.68,14,buy
1771608444505,1893456007532137,0.32,14,buy
1771608985303,1893456007532356,0.59,2,buy
1771608985303,1893456007532355,0.58,2,buy
1771608985303,1893456007532354,0.57,2,buy
1771608985303,1893456007532353,0.56,1,buy
1771608985303,1893456007532352,0.41,2,buy
1771608985303,1893456007532351,0.42,2,buy
1771608985303,1893456007532350,0.43,2,buy
1771608985303,1893456007532349,0.44,1,buy
1771608987245,1893456007532358,0.41,1,buy
1771608987245,1893456007532357,0.59,1,buy
1771608987474,1893456007532360,0.41,1,buy
1771608987474,1893456007532359,0.59,1,buy
1771608987538,1893456007532362,0.41,1,buy
1771608987538,1893456007532361,0.59,1,buy
1771608987559,1893456007532364,0.41,1,buy
1771608987559,1893456007532363,0.59,1,buy
1771608987586,1893456007532366,0.41,1,buy
1771608987586,1893456007532365,0.59,1,buy
1771608987606,1893456007532368,0.41,1,buy
1771608987606,1893456007532367,0.59,1,buy
1771608987626,1893456007532370,0.41,1,buy
1771608987626,1893456007532369,0.59,1,buy
1771608987647,1893456007532372,0.41,1,buy
1771608987647,1893456007532371,0.59,1,buy
1771608987667,1893456007532374,0.41,1,buy
1771608987667,1893456007532373,0.59,1,buy
1771608987705,1893456007532376,0.41,1,buy
1771608987705,1893456007532375,0.59,1,buy
1771608987726,1893456007532378,0.41,1,buy
1771608987726,1893456007532377,0.59,1,buy
1771608987745,1893456007532380,0.41,1,buy
1771608987745,1893456007532379,0.59,1,buy
1771608987766,1893456007532382,0.41,1,buy
1771608987766,1893456007532381,0.59,1,buy
1771608987784,1893456007532384,0.41,1,buy
1771608987784,1893456007532383,0.59,1,buy
1771608987807,1893456007532386,0.41,1,buy
1771608987807,1893456007532385,0.59,1,buy
1771608987826,1893456007532388,0.41,1,buy
1771608987826,1893456007532387,0.59,1,buy
1771608987846,1893456007532390,0.41,1,buy
1771608987846,1893456007532389,0.59,1,buy
1771608987901,1893456007532392,0.41,1,buy
1771608987901,1893456007532391,0.59,1,buy
1771608987957,1893456007532394,0.41,1,buy
1771608987957,1893456007532393,0.59,1,buy
1771608987979,1893456007532396,0.41,1,buy
1771608987979,1893456007532395,0.59,1,buy
1771608987998,1893456007532398,0.41,1,buy
1771608987998,1893456007532397,0.59,1,buy
1771608988026,1893456007532400,0.41,1,buy
1771608988026,1893456007532399,0.59,1,buy
1771608988046,1893456007532402,0.41,1,buy
1771608988046,1893456007532401,0.59,1,buy
1771608988066,1893456007532404,0.41,1,buy
1771608988066,1893456007532403,0.59,1,buy
1771608988084,1893456007532406,0.41,1,buy
1771608988084,1893456007532405,0.59,1,buy
1771608988101,1893456007532408,0.41,1,buy
1771608988101,1893456007532407,0.59,1,buy
1771608988123,1893456007532410,0.41,1,buy
1771608988123,1893456007532409,0.59,1,buy
1771608988146,1893456007532412,0.41,1,buy
1771608988146,1893456007532411,0.59,1,buy
1771608988185,1893456007532414,0.41,1,buy
1771608988185,1893456007532413,0.59,1,buy
1771608988205,1893456007532416,0.41,1,buy
1771608988205,1893456007532415,0.59,1,buy
1771608988224,1893456007532418,0.41,1,buy
1771608988224,1893456007532417,0.59,1,buy
1771608988244,1893456007532420,0.41,1,buy
1771608988244,1893456007532419,0.59,1,buy
1771608988263,1893456007532422,0.41,1,buy
1771608988263,1893456007532421,0.59,1,buy
1771608989660,1893456007532424,0.41,1,buy
1771608989660,1893456007532423,0.59,1,buy
1771608990066,1893456007532426,0.41,1,buy
1771608990066,1893456007532425,0.59,1,buy
1771608990089,1893456007532428,0.41,1,buy
1771608990089,1893456007532427,0.59,1,buy
1771608990246,1893456007532430,0.41,1,buy
1771608990246,1893456007532429,0.59,1,buy
1771608990268,1893456007532432,0.41,1,buy
1771608990268,1893456007532431,0.59,1,buy
1771608990289,1893456007532434,0.41,1,buy
1771608990289,1893456007532433,0.59,1,buy
1771608990315,1893456007532436,0.41,1,buy
1771608990315,1893456007532435,0.59,1,buy
1771608990333,1893456007532438,0.41,1,buy
1771608990333,1893456007532437,0.59,1,buy
1771608990356,1893456007532440,0.41,1,buy
1771608990356,1893456007532439,0.59,1,buy
1771608990393,1893456007532442,0.41,1,buy
1771608990393,1893456007532441,0.59,1,buy
1771608990417,1893456007532444,0.41,1,buy
1771608990417,1893456007532443,0.59,1,buy
1771608990438,1893456007532446,0.41,1,buy
1771608990438,1893456007532445,0.59,1,buy
1771608990462,1893456007532448,0.41,1,buy
1771608990462,1893456007532447,0.59,1,buy
1771608990538,1893456007532450,0.41,1,buy
1771608990538,1893456007532449,0.59,1,buy
1771608990599,1893456007532452,0.41,1,buy
1771608990599,1893456007532451,0.59,1,buy
1771608995522,1893456007532454,0.41,1,buy
1771608995522,1893456007532453,0.59,1,buy
1771608995568,1893456007532456,0.41,1,buy
1771608995568,1893456007532455,0.59,1,buy
1771608995588,1893456007532458,0.41,1,buy
1771608995588,1893456007532457,0.59,1,buy
1771608995609,1893456007532460,0.41,1,buy
1771608995609,1893456007532459,0.59,1,buy
1771608995630,1893456007532462,0.41,1,buy
1771608995630,1893456007532461,0.59,1,buy
1771608995666,1893456007532464,0.41,1,buy
1771608995666,1893456007532463,0.59,1,buy
1771608995705,1893456007532466,0.41,1,buy
1771608995705,1893456007532465,0.59,1,buy
1771608995727,1893456007532468,0.41,1,buy
1771608995727,1893456007532467,0.59,1,buy
1771608995752,1893456007532470,0.41,1,buy
1771608995752,1893456007532469,0.59,1,buy
1771608995771,1893456007532472,0.41,1,buy
1771608995771,1893456007532471,0.59,1,buy
1771608995796,1893456007532474,0.41,1,buy
1771608995796,1893456007532473,0.59,1,buy
1771608995820,1893456007532476,0.41,1,buy
1771608995820,1893456007532475,0.59,1,buy
1771608995857,1893456007532478,0.41,1,buy
1771608995857,1893456007532477,0.59,1,buy
1771608995889,1893456007532480,0.41,1,buy
1771608995889,1893456007532479,0.59,1,buy
1771608995926,1893456007532482,0.41,1,buy
1771608995926,1893456007532481,0.59,1,buy
1771608995958,1893456007532484,0.41,1,buy
1771608995958,1893456007532483,0.59,1,buy
1771608997389,1893456007532486,0.41,1,buy
1771608997389,1893456007532485,0.59,1,buy
1771608997456,1893456007532488,0.41,1,buy
1771608997456,1893456007532487,0.59,1,buy
1771608997474,1893456007532490,0.41,1,buy
1771608997474,1893456007532489,0.59,1,buy
1771608997494,1893456007532492,0.41,1,buy
1771608997494,1893456007532491,0.59,1,buy
1771608997511,1893456007532494,0.41,1,buy
1771608997511,1893456007532493,0.59,1,buy
1771608997531,1893456007532496,0.41,1,buy
1771608997531,1893456007532495,0.59,1,buy
1771608997550,1893456007532498,0.41,1,buy
1771608997550,1893456007532497,0.59,1,buy
1771608997576,1893456007532500,0.41,1,buy
1771608997576,1893456007532499,0.59,1,buy
1771608997596,1893456007532502,0.41,1,buy
1771608997596,1893456007532501,0.59,1,buy
1771608997616,1893456007532504,0.41,1,buy
1771608997616,1893456007532503,0.59,1,buy
1771608997635,1893456007532506,0.41,1,buy
1771608997635,1893456007532505,0.59,1,buy
1771608997654,1893456007532508,0.41,1,buy
1771608997654,1893456007532507,0.59,1,buy
1771608997677,1893456007532510,0.41,1,buy
1771608997677,1893456007532509,0.59,1,buy
1771608997714,1893456007532512,0.41,1,buy
1771608997714,1893456007532511,0.59,1,buy
1771608997749,1893456007532514,0.41,1,buy
1771608997749,1893456007532513,0.59,1,buy
1771608998612,1893456007532516,0.41,1,buy
1771608998612,1893456007532515,0.59,1,buy
1771608998669,1893456007532518,0.41,1,buy
1771608998669,1893456007532517,0.59,1,buy
1771608998691,1893456007532520,0.41,1,buy
1771608998691,1893456007532519,0.59,1,buy
1771608998708,1893456007532522,0.41,1,buy
1771608998708,1893456007532521,0.59,1,buy
1771608998728,1893456007532524,0.41,1,buy
1771608998728,1893456007532523,0.59,1,buy
1771608998747,1893456007532526,0.41,1,buy
1771608998747,1893456007532525,0.59,1,buy
1771608998766,1893456007532528,0.41,1,buy
1771608998766,1893456007532527,0.59,1,buy
1771608998788,1893456007532530,0.41,1,buy
1771608998788,1893456007532529,0.59,1,buy
1771608998826,1893456007532532,0.41,1,buy
1771608998826,1893456007532531,0.59,1,buy
1771608998865,1893456007532534,0.41,1,buy
1771608998865,1893456007532533,0.59,1,buy
1771608998891,1893456007532536,0.41,1,buy
1771608998891,1893456007532535,0.59,1,buy
1771608998911,1893456007532538,0.41,1,buy
1771608998911,1893456007532537,0.59,1,buy
1771608998933,1893456007532540,0.41,1,buy
1771608998933,1893456007532539,0.59,1,buy
1771608998957,1893456007532542,0.41,1,buy
1771608998957,1893456007532541,0.59,1,buy
1771608998979,1893456007532544,0.41,1,buy
1771608998979,1893456007532543,0.59,1,buy
1771608999016,1893456007532546,0.41,1,buy
1771608999016,1893456007532545,0.59,1,buy
1771608999556,1893456007532548,0.41,1,buy
1771608999556,1893456007532547,0.59,1,buy
1771608999579,1893456007532550,0.41,1,buy
1771608999579,1893456007532549,0.59,1,buy
1771608999659,1893456007532552,0.41,1,buy
1771608999659,1893456007532551,0.59,1,buy
1771608999696,1893456007532554,0.41,1,buy
1771608999696,1893456007532553,0.59,1,buy
1771608999726,1893456007532556,0.41,1,buy
1771608999726,1893456007532555,0.59,1,buy
1771608999749,1893456007532558,0.41,1,buy
1771608999749,1893456007532557,0.59,1,buy
1771608999786,1893456007532560,0.41,1,buy
1771608999786,1893456007532559,0.59,1,buy
1771608999825,1893456007532562,0.41,1,buy
1771608999825,1893456007532561,0.59,1,buy
1771608999846,1893456007532564,0.41,1,buy
1771608999846,1893456007532563,0.59,1,buy
1771608999868,1893456007532566,0.41,1,buy
1771608999868,1893456007532565,0.59,1,buy
1771608999891,1893456007532568,0.41,1,buy
1771608999891,1893456007532567,0.59,1,buy
1771608999912,1893456007532570,0.41,1,buy
1771608999912,1893456007532569,0.59,1,buy
1771608999936,1893456007532572,0.41,1,buy
1771608999936,1893456007532571,0.59,1,buy
1771608999954,1893456007532574,0.41,1,buy
1771608999954,1893456007532573,0.59,1,buy
1771608999980,1893456007532576,0.41,1,buy
1771608999980,1893456007532575,0.59,1,buy
1771609000016,1893456007532578,0.41,1,buy
1771609000016,1893456007532577,0.59,1,buy
1771609000074,1893456007532580,0.41,1,buy
1771609000074,1893456007532579,0.59,1,buy
1771609000165,1893456007532582,0.41,1,buy
1771609000165,1893456007532581,0.59,1,buy
1771609000190,1893456007532584,0.41,1,buy
1771609000190,1893456007532583,0.59,1,buy
1771609000217,1893456007532586,0.41,1,buy
1771609000217,1893456007532585,0.59,1,buy
1771609000240,1893456007532588,0.41,1,buy
1771609000240,1893456007532587,0.59,1,buy
1771609000266,1893456007532590,0.41,1,buy
1771609000266,1893456007532589,0.59,1,buy
1771609000289,1893456007532592,0.41,1,buy
1771609000289,1893456007532591,0.59,1,buy
1771609000308,1893456007532594,0.41,1,buy
1771609000308,1893456007532593,0.59,1,buy
1771609000326,1893456007532596,0.41,1,buy
1771609000326,1893456007532595,0.59,1,buy
1771609000347,1893456007532598,0.41,1,buy
1771609000347,1893456007532597,0.59,1,buy
1771609000369,1893456007532600,0.41,1,buy
1771609000369,1893456007532599,0.59,1,buy
1771609000394,1893456007532602,0.41,1,buy
1771609000394,1893456007532601,0.59,1,buy
1771609000433,1893456007532604,0.41,1,buy
1771609000433,1893456007532603,0.59,1,buy
1771609000453,1893456007532606,0.41,1,buy
1771609000453,1893456007532605,0.59,1,buy
1771609000486,1893456007532608,0.41,1,buy
1771609000486,1893456007532607,0.59,1,buy
