timestamp_ms,tid,price,amount,type
1772251382517,1893456007660382,0.35,100,buy
1772251382517,1893456007660381,0.65,100,buy
1772251453470,1893456007660386,0.36,15,buy
1772251453470,1893456007660385,0.64,15,buy
1772251453521,1893456007660388,0.64,15,buy
1772251453521,1893456007660387,0.36,15,buy
1772251524931,1893456007660392,0.66,3,buy
1772251524931,1893456007660391,0.34,3,buy
1772251532077,1893456007660394,0.38,15,buy
1772251532077,1893456007660393,0.62,15,buy
1772251532154,1893456007660396,0.62,15,buy
1772251532154,1893456007660395,0.38,15,buy
1772251541903,1893456007660398,0.4,15,buy
1772251541903,1893456007660397,0.6,15,buy
1772251541984,1893456007660400,0.6,15,buy
1772251541984,1893456007660399,0.4,15,buy
1772251542064,1893456007660402,0.6,15,buy
1772251542064,1893456007660401,0.4,15,buy
1772251616512,1893456007660420,0.58,33,buy
1772251616512,1893456007660419,0.42,33,buy
1772251656170,1893456007660424,0.44,15,buy
1772251656170,1893456007660423,0.56,15,buy
1772251656259,1893456007660426,0.56,6,buy
1772251656259,1893456007660425,0.44,6,buy
1772251710767,1893456007660438,0.36,15,buy
1772251710767,1893456007660437,0.64,15,buy
1772251710848,1893456007660440,0.64,15,buy
1772251710848,1893456007660439,0.36,15,buy
1772251717742,1893456007660442,0.37,15,buy
1772251717742,1893456007660441,0.63,15,buy
1772251717810,1893456007660444,0.63,15,buy
1772251717810,1893456007660443,0.37,15,buy
1772251717855,1893456007660446,0.63,15,buy
1772251717855,1893456007660445,0.37,15,buy
1772251741235,1893456007660448,0.58,72,buy
1772251741235,1893456007660447,0.42,72,buy
1772251755851,1893456007660458,0.45,20,buy
1772251755851,1893456007660457,0.55,20,buy
1772252005527,1893456007660493,0.48,3,buy
1772252005527,1893456007660492,0.52,3,buy
1772252103200,1893456007660499,0.47,15,buy
1772252103200,1893456007660498,0.53,15,buy
1772252103295,1893456007660501,0.47,91,buy
1772252103295,1893456007660500,0.53,91,buy
1772252103310,1893456007660505,0.47,15,buy
1772252103310,1893456007660504,0.53,15,buy
1772252103310,1893456007660503,0.47,15,buy
1772252103310,1893456007660502,0.53,15,buy
1772252103319,1893456007660507,0.47,64,buy
1772252103319,1893456007660506,0.53,64,buy
1772252103484,1893456007660509,0.48,15,buy
1772252103484,1893456007660508,0.52,15,buy
1772252127154,1893456007660511,0.55,20,buy
1772252127154,1893456007660510,0.45,20,buy
1772252249567,1893456007660521,0.6,50,buy
1772252249567,1893456007660520,0.4,50,buy
1772252298517,1893456007660529,0.62,200,buy
1772252298517,1893456007660528,0.38,200,buy
1772252302767,1893456007660531,0.38,347,buy
1772252302767,1893456007660530,0.62,347,buy
1772252342197,1893456007660534,0.59,24,buy
1772252342197,1893456007660533,0.41,9,buy
1772252342197,1893456007660532,0.41,15,buy
1772252765750,1893456007660557,0.4,30,buy
1772252765750,1893456007660556,0.6,15,buy
1772252765750,1893456007660555,0.6,15,buy
1772252765779,1893456007660559,0.6,15,buy
1772252765779,1893456007660558,0.4,15,buy
1772252765789,1893456007660561,0.41,15,buy
1772252765789,1893456007660560,0.59,15,buy
1772252765824,1893456007660563,0.59,15,buy
1772252765824,1893456007660562,0.41,15,buy
1772252765844,1893456007660567,0.59,15,buy
1772252765844,1893456007660566,0.41,15,buy
1772252765844,1893456007660565,0.59,15,buy
1772252765844,1893456007660564,0.41,15,buy
1772252969824,1893456007660676,0.46,30,buy
1772252969824,1893456007660675,0.54,15,buy
1772252969824,1893456007660674,0.54,15,buy
1772252969866,1893456007660680,0.53,15,buy
1772252969866,1893456007660679,0.47,15,buy
1772252969866,1893456007660678,0.47,15,buy
1772252969866,1893456007660677,0.53,15,buy
1772252969868,1893456007660684,0.48,87,buy
1772252969868,1893456007660683,0.52,57,buy
1772252969868,1893456007660682,0.52,15,buy
1772252969868,1893456007660681,0.52,15,buy
1772252969916,1893456007660688,0.52,15,buy
1772252969916,1893456007660687,0.48,15,buy
1772252969916,1893456007660686,0.52,15,buy
1772252969916,1893456007660685,0.48,15,buy
1772252969934,1893456007660690,0.52,15,buy
1772252969934,1893456007660689,0.48,15,buy
1772252969941,1893456007660692,0.52,15,buy
1772252969941,1893456007660691,0.48,15,buy
1772252985587,1893456007660703,0.7,30,buy
1772252985587,1893456007660702,0.3,15,buy
1772252985587,1893456007660701,0.3,15,buy
1772252985638,1893456007660705,0.3,15,buy
1772252985638,1893456007660704,0.7,15,buy
1772252985664,1893456007660709,0.3,15,buy
1772252985664,1893456007660708,0.7,15,buy
1772253025843,1893456007660711,0.14,36,buy
1772253025843,1893456007660710,0.86,36,buy
1772253080788,1893456007660731,0.14,50,buy
1772253080788,1893456007660730,0.86,50,buy
1772253117173,1893456007660737,0.07,36,buy
1772253117173,1893456007660736,0.07,36,sell
1772253315776,1893456007660764,0.22,200,buy
1772253315776,1893456007660763,0.78,200,buy
1772253316083,1893456007660766,0.23,200,buy
1772253316083,1893456007660765,0.77,200,buy
1772253316095,1893456007660768,0.23,189,buy
1772253316095,1893456007660767,0.77,189,buy
1772253316115,1893456007660770,0.77,389,buy
1772253316115,1893456007660769,0.23,389,buy
1772253316152,1893456007660773,0.77,389,buy
1772253316152,1893456007660772,0.23,367,buy
1772253316152,1893456007660771,0.23,22,buy
1772253440301,1893456007660795,0.76,150,buy
1772253440301,1893456007660794,0.24,150,buy
1772253487186,1893456007660802,0.26,22,buy
1772253487186,1893456007660801,0.23,389,buy
1772253487186,1893456007660800,0.74,7,buy
1772253487186,1893456007660799,0.74,15,buy
1772253487186,1893456007660798,0.77,389,buy
1772253573303,1893456007660806,0.2,200,buy
1772253573303,1893456007660805,0.8,200,buy
1772253629447,1893456007660815,0.21,30,buy
1772253629447,1893456007660814,0.79,15,buy
1772253629447,1893456007660813,0.79,15,buy
1772253629494,1893456007660817,0.79,15,buy
1772253629494,1893456007660816,0.21,15,buy
1772253629515,1893456007660820,0.22,60,buy
1772253629515,1893456007660819,0.78,45,buy
1772253629515,1893456007660818,0.78,15,buy
1772253629522,1893456007660822,0.78,45,buy
1772253629522,1893456007660821,0.22,45,buy
1772253629528,1893456007660824,0.78,15,buy
1772253629528,1893456007660823,0.22,15,buy
1772253629535,1893456007660826,0.78,45,buy
1772253629535,1893456007660825,0.22,45,buy
1772253629539,1893456007660828,0.78,15,buy
1772253629539,1893456007660827,0.22,15,buy
1772253629600,1893456007660832,0.78,5,buy
1772253629600,1893456007660831,0.22,5,buy
1772253629600,1893456007660830,0.78,15,buy
1772253629600,1893456007660829,0.22,15,buy
1772253629625,1893456007660834,0.79,15,buy
1772253629625,1893456007660833,0.21,15,buy
1772253629745,1893456007660836,0.79,15,buy
1772253629745,1893456007660835,0.21,15,buy
1772253643780,1893456007660839,0.22,30,buy
1772253643780,1893456007660838,0.78,15,buy
1772253643780,1893456007660837,0.78,15,buy
1772253643815,1893456007660841,0.78,15,buy
1772253643815,1893456007660840,0.22,15,buy
1772253643864,1893456007660843,0.78,15,buy
1772253643864,1893456007660842,0.22,15,buy
1772253643884,1893456007660845,0.78,15,buy
1772253643884,1893456007660844,0.22,15,buy
1772253643924,1893456007660847,0.78,15,buy
1772253643924,1893456007660846,0.22,15,buy
1772253647380,1893456007660849,0.8,183,buy
1772253647380,1893456007660848,0.2,183,buy
1772253794516,1893456007660861,0.87,57,buy
1772253794516,1893456007660860,0.13,57,buy
1772253877892,1893456007660874,0.87,100,buy
1772253877892,1893456007660873,0.13,100,buy
1772254073816,1893456007660919,0.93,100,buy
1772254073816,1893456007660918,0.07,100,buy
1772254102495,1893456007660923,0.08,83,sell
1772254102495,1893456007660922,0.08,83,buy
1772254137847,1893456007660929,0.94,100,buy
1772254137847,1893456007660928,0.06,100,buy
1772254141824,1893456007660933,0.08,100,buy
1772254141824,1893456007660932,0.92,100,buy
1772254188487,1893456007660937,0.12,100,buy
1772254188487,1893456007660936,0.88,100,buy
1772254351416,1893456007660939,0.06,158,buy
1772254351416,1893456007660938,0.94,158,buy
1772254488799,1893456007660955,0.1,40,buy
1772254488799,1893456007660954,0.1,40,sell
1772254502424,1893456007660957,0.84,80,buy
1772254502424,1893456007660956,0.16,80,buy
1772254504907,1893456007660959,0.85,100,buy
1772254504907,1893456007660958,0.15,100,buy
1772254598706,1893456007660961,0.15,63,buy
1772254598706,1893456007660960,0.85,63,buy
1772254633406,1893456007660963,0.92,80,buy
1772254633406,1893456007660962,0.08,80,buy
1772254634008,1893456007660965,0.92,100,buy
1772254634008,1893456007660964,0.08,100,buy
1772254634611,1893456007660968,0.92,80,buy
1772254634611,1893456007660967,0.08,60,buy
1772254634611,1893456007660966,0.08,20,buy
1772254785167,1893456007660976,0.99,547,sell
1772254785167,1893456007660975,0.99,547,buy
