timestamp_ms,tid,price,amount,type
1766715442275,1893456007103136,0.57,23,buy
1766717184786,1893456007103255,0.49,229,sell
1766717184786,1893456007103254,0.49,229,buy
1766727731213,1893456007103374,0.59,33,buy
1766727731213,1893456007103373,0.41,33,buy
1766751091376,1893456007103644,0.58,65,sell
1766751091376,1893456007103643,0.58,65,buy
1766759706766,1893456007103750,0.55,10,sell
1766759706766,1893456007103749,0.55,10,buy
1766762657168,1893456007104014,0.7,20,sell
1766762657168,1893456007104013,0.7,20,buy
1766763033568,1893456007104034,0.75,60,buy
1766763033568,1893456007104033,0.25,60,buy
1766763903913,1893456007104094,0.75,10,buy
1766763903913,1893456007104093,0.25,10,buy
1766765376204,1893456007104138,0.26,1,buy
1766765376204,1893456007104137,0.74,1,buy
1766767063531,1893456007104144,0.74,525,buy
1766767063531,1893456007104143,0.26,525,buy
1766769158337,1893456007104156,0.77,65,buy
1766769158337,1893456007104155,0.23,65,buy
1766779142547,1893456007104279,0.75,3,buy
1766779142547,1893456007104278,0.25,3,buy
1766780345519,1893456007104303,0.3,67,buy
1766780345519,1893456007104302,0.7,67,buy
1766780697870,1893456007104309,0.73,50,buy
1766780697870,1893456007104308,0.27,50,buy
1766781405536,1893456007104313,0.69,1,sell
1766781405536,1893456007104312,0.69,1,buy
1766788705500,1893456007104439,0.76,2,buy
1766788705500,1893456007104438,0.24,2,buy
1766792524793,1893456007104519,0.77,2,buy
1766792524793,1893456007104518,0.23,2,buy
1766793256425,1893456007104529,0.77,5,buy
1766793256425,1893456007104528,0.23,5,buy
1766793591548,1893456007104543,0.77,7,buy
1766793591548,1893456007104542,0.23,7,buy
1766794527493,1893456007104707,0.78,15,buy
1766794527493,1893456007104706,0.22,15,buy
1766794921974,1893456007104713,0.78,200,buy
1766794921974,1893456007104712,0.22,200,buy
1766795032968,1893456007104725,0.22,200,buy
1766795032968,1893456007104724,0.78,200,buy
1766795614859,1893456007104829,0.22,100,buy
1766795614859,1893456007104828,0.78,100,buy
1766795653663,1893456007104835,0.78,25,buy
1766795653663,1893456007104834,0.22,25,buy
1766795692722,1893456007104839,0.74,10,sell
1766795692722,1893456007104838,0.74,10,buy
1766795784056,1893456007104845,0.79,25,buy
1766795784056,1893456007104844,0.21,25,buy
1766799513992,1893456007104946,0.74,200,buy
1766799513992,1893456007104945,0.74,200,sell
1766802919292,1893456007105046,0.78,1,buy
1766802919292,1893456007105045,0.22,1,buy
1766803490097,1893456007105056,0.78,14,buy
1766803490097,1893456007105055,0.22,14,buy
1766804103755,1893456007105074,0.78,200,buy
1766804103755,1893456007105073,0.22,200,buy
1766804106032,1893456007105076,0.22,200,buy
1766804106032,1893456007105075,0.78,200,buy
1766804554864,1893456007105084,0.22,50,buy
1766804554864,1893456007105083,0.78,50,buy
1766811009168,1893456007105289,0.79,50,buy
1766811009168,1893456007105288,0.21,50,buy
1766822425882,1893456007105412,0.28,471,buy
1766822425882,1893456007105411,0.27,600,buy
1766822425882,1893456007105410,0.72,471,buy
1766822425882,1893456007105409,0.73,400,buy
1766822425882,1893456007105408,0.73,200,buy
1766822586126,1893456007105423,0.31,600,buy
1766822586126,1893456007105422,0.29,200,buy
1766822586126,1893456007105421,0.69,600,buy
1766822586126,1893456007105420,0.71,200,buy
1766826506325,1893456007105555,0.72,200,buy
1766826506325,1893456007105554,0.28,200,buy
1766826783299,1893456007105587,0.28,200,buy
1766826783299,1893456007105586,0.72,200,buy
1766828056342,1893456007105615,0.27,200,buy
1766828056342,1893456007105614,0.73,200,buy
1766829314878,1893456007105621,0.75,1,buy
1766829314878,1893456007105620,0.25,1,buy
1766830428494,1893456007105757,0.75,135,buy
1766830428494,1893456007105756,0.25,135,buy
1766841556888,1893456007105921,0.76,1,buy
1766841556888,1893456007105920,0.24,1,buy
1766847779486,1893456007106017,0.73,278,sell
1766847779486,1893456007106016,0.73,278,buy
1766847885996,1893456007106023,0.79,19,buy
1766847885996,1893456007106022,0.21,19,buy
1766847990680,1893456007106025,0.76,18,buy
1766847990680,1893456007106024,0.24,18,buy
1766848016477,1893456007106027,0.76,1,buy
1766848016477,1893456007106026,0.24,1,buy
1766849521187,1893456007106055,0.73,73,sell
1766849521187,1893456007106054,0.73,73,buy
1766862263539,1893456007106296,0.76,40,buy
1766862263539,1893456007106295,0.24,40,buy
1766873550206,1893456007106459,0.74,200,buy
1766873550206,1893456007106458,0.26,200,buy
1766877369831,1893456007106573,0.75,75,buy
1766877369831,1893456007106572,0.25,75,buy
1766878808544,1893456007106587,0.76,25,buy
1766878808544,1893456007106586,0.24,25,buy
1766879302273,1893456007106615,0.74,100,buy
1766879302273,1893456007106614,0.26,100,buy
1766880791969,1893456007106641,0.74,50,buy
1766880791969,1893456007106640,0.26,50,buy
1766880998681,1893456007106647,0.74,25,buy
1766880998681,1893456007106646,0.26,25,buy
1766897350235,1893456007106983,0.25,25,buy
1766897350235,1893456007106982,0.75,25,buy
1766898052729,1893456007106991,0.29,10,buy
1766898052729,1893456007106990,0.71,10,buy
1766900910747,1893456007107020,0.76,3,buy
1766900910747,1893456007107019,0.24,3,buy
1766903804963,1893456007107064,0.76,5,buy
1766903804963,1893456007107063,0.24,5,buy
1766909463600,1893456007107177,0.25,10,buy
1766909463600,1893456007107176,0.75,10,buy
1766929021239,1893456007107329,0.75,10,buy
1766929021239,1893456007107328,0.25,10,buy
1766933444539,1893456007107421,0.74,200,buy
1766933444539,1893456007107420,0.26,200,buy
1766947234320,1893456007107814,0.74,4,sell
1766947234320,1893456007107813,0.74,4,buy
1766950632036,1893456007107931,0.8,10,buy
1766950632036,1893456007107930,0.8,10,sell
1766952256626,1893456007107965,0.77,58,sell
1766952256626,1893456007107964,0.77,58,buy
1766956314001,1893456007108012,0.8,12,buy
1766956314001,1893456007108011,0.8,12,sell
1766957060138,1893456007108018,0.8,3,buy
1766957060138,1893456007108017,0.8,3,sell
1766964945121,1893456007108127,0.8,50,buy
1766964945121,1893456007108126,0.8,50,sell
1766968375088,1893456007108277,0.74,1,sell
1766968375088,1893456007108276,0.74,1,buy
1766968419726,1893456007108281,0.7,42,sell
1766968419726,1893456007108280,0.7,42,buy
1766972810507,1893456007108512,0.74,30,buy
1766972810507,1893456007108511,0.26,30,buy
1766974764733,1893456007108643,0.59,2,sell
1766974764733,1893456007108642,0.59,2,buy
1766975101982,1893456007108665,0.6,135,sell
1766975101982,1893456007108664,0.6,135,buy
1766978299146,1893456007108886,0.57,400,buy
1766978299146,1893456007108885,0.56,200,buy
1766978299146,1893456007108884,0.43,400,buy
1766978299146,1893456007108883,0.44,200,buy
1766978325838,1893456007108888,0.57,50,sell
1766978325838,1893456007108887,0.57,50,buy
1766978753951,1893456007108906,0.58,714,buy
1766978753951,1893456007108905,0.42,714,buy
1766978754351,1893456007108908,0.42,714,buy
1766978754351,1893456007108907,0.58,714,buy
1766978756338,1893456007108910,0.42,572,buy
1766978756338,1893456007108909,0.58,572,buy
1766978896691,1893456007108918,0.43,697,buy
1766978896691,1893456007108917,0.57,697,buy
1766979018584,1893456007108929,0.58,342,buy
1766979018584,1893456007108928,0.42,200,buy
1766979018584,1893456007108927,0.42,142,buy
1766979019501,1893456007108931,0.42,714,buy
1766979019501,1893456007108930,0.58,714,buy
1766979021403,1893456007108933,0.42,714,buy
1766979021403,1893456007108932,0.58,714,buy
1766979023423,1893456007108935,0.42,230,buy
1766979023423,1893456007108934,0.58,230,buy
1766979042175,1893456007108937,0.43,653,buy
1766979042175,1893456007108936,0.57,653,buy
1766979446335,1893456007108968,0.55,866,buy
1766979446335,1893456007108967,0.54,652,buy
1766979446335,1893456007108966,0.45,200,buy
1766979446335,1893456007108965,0.45,666,buy
1766979446335,1893456007108964,0.46,652,buy
1766979448232,1893456007108970,0.45,666,buy
1766979448232,1893456007108969,0.55,666,buy
1766979450343,1893456007108972,0.45,666,buy
1766979450343,1893456007108971,0.55,666,buy
1766979452229,1893456007108974,0.45,666,buy
1766979452229,1893456007108973,0.55,666,buy
1766979454241,1893456007108976,0.45,666,buy
1766979454241,1893456007108975,0.55,666,buy
1766979456260,1893456007108978,0.45,666,buy
1766979456260,1893456007108977,0.55,666,buy
1766979458331,1893456007108980,0.45,666,buy
1766979458331,1893456007108979,0.55,666,buy
1766979460270,1893456007108982,0.45,666,buy
1766979460270,1893456007108981,0.55,666,buy
1766979462302,1893456007108984,0.45,666,buy
1766979462302,1893456007108983,0.55,666,buy
1766979464374,1893456007108986,0.45,666,buy
1766979464374,1893456007108985,0.55,666,buy
1766979466368,1893456007108988,0.45,666,buy
1766979466368,1893456007108987,0.55,666,buy
1766979468347,1893456007108990,0.45,226,buy
1766979468347,1893456007108989,0.55,226,buy
1766979552884,1893456007108994,0.48,50,sell
1766979552884,1893456007108993,0.48,50,buy
1766980317846,1893456007109042,0.46,50,sell
1766980317846,1893456007109041,0.46,50,buy
1766980768177,1893456007109079,0.44,10,sell
1766980768177,1893456007109078,0.44,10,buy
1766981666547,1893456007109148,0.45,60,buy
1766981666547,1893456007109147,0.45,60,sell
1766981773030,1893456007109168,0.44,100,sell
1766981773030,1893456007109167,0.44,100,buy
1766982798686,1893456007109237,0.49,302,buy
1766982798686,1893456007109236,0.51,302,buy
1766983123549,1893456007109247,0.4,302,sell
1766983123549,1893456007109246,0.4,302,buy
1766983146909,1893456007109251,0.4,13,sell
1766983146909,1893456007109250,0.4,13,buy
1766987440963,1893456007109473,0.5,500,buy
1766987440963,1893456007109472,0.5,500,buy
1766989103456,1893456007109581,0.44,500,sell
1766989103456,1893456007109580,0.44,500,buy
1767000631472,1893456007110000,0.59,200,buy
1767000631472,1893456007109999,0.41,200,buy
1767000701747,1893456007110006,0.59,200,buy
1767000701747,1893456007110005,0.41,200,buy
1767000701751,1893456007110010,0.6,269,buy
1767000701751,1893456007110009,0.59,331,buy
1767000701751,1893456007110008,0.4,269,buy
1767000701751,1893456007110007,0.41,331,buy
1767000701786,1893456007110020,0.6,400,buy
1767000701786,1893456007110019,0.4,400,buy
1767000701931,1893456007110038,0.6,81,buy
1767000701931,1893456007110037,0.4,81,buy
1767000796034,1893456007110060,0.61,200,buy
1767000796034,1893456007110059,0.39,200,buy
1767000842579,1893456007110072,0.61,400,buy
1767000842579,1893456007110071,0.39,400,buy
1767000842785,1893456007110074,0.61,169,buy
1767000842785,1893456007110073,0.39,169,buy
1767000868890,1893456007110078,0.35,200,buy
1767000868890,1893456007110077,0.65,200,buy
1767004841475,1893456007110210,0.75,2,sell
1767004841475,1893456007110209,0.75,2,buy
1767006598199,1893456007110246,0.23,8,buy
1767006598199,1893456007110245,0.77,8,buy
1767009918215,1893456007110398,0.8,25,buy
1767009918215,1893456007110397,0.8,25,sell
1767014287721,1893456007110645,0.83,56,buy
1767014287721,1893456007110644,0.17,56,buy
1767014950583,1893456007110679,0.8,1,sell
1767014950583,1893456007110678,0.8,1,buy
1767017203790,1893456007110747,0.85,1,buy
1767017203790,1893456007110746,0.15,1,buy
1767018128815,1893456007110789,0.84,36,buy
1767018128815,1893456007110788,0.16,36,buy
1767018357082,1893456007110832,0.17,31,buy
1767018357082,1893456007110831,0.83,31,buy
1767025201886,1893456007110962,0.79,1,sell
1767025201886,1893456007110961,0.79,1,buy
1767025736592,1893456007110976,0.84,2,buy
1767025736592,1893456007110975,0.16,2,buy
1767025856083,1893456007110980,0.8,25,sell
1767025856083,1893456007110979,0.8,25,buy
1767026312752,1893456007110984,0.79,2,sell
1767026312752,1893456007110983,0.79,2,buy
1767026655071,1893456007110994,0.8,27,sell
1767026655071,1893456007110993,0.8,27,buy
1767026858458,1893456007111004,0.83,200,buy
1767026858458,1893456007111003,0.17,200,buy
1767026873563,1893456007111006,0.17,200,buy
1767026873563,1893456007111005,0.83,200,buy
1767026922056,1893456007111008,0.17,200,buy
1767026922056,1893456007111007,0.83,200,buy
1767026976659,1893456007111014,0.17,22,buy
1767026976659,1893456007111013,0.83,22,buy
1767027849745,1893456007111020,0.84,2,buy
1767027849745,1893456007111019,0.16,2,buy
1767027857178,1893456007111022,0.84,2,buy
1767027857178,1893456007111021,0.16,2,buy
1767027884216,1893456007111024,0.84,200,buy
1767027884216,1893456007111023,0.16,200,buy
1767027917856,1893456007111031,0.16,200,buy
1767027917856,1893456007111030,0.84,200,buy
1767029539001,1893456007111055,0.85,49,buy
1767029539001,1893456007111054,0.85,49,sell
1767029977661,1893456007111065,0.85,35,buy
1767029977661,1893456007111064,0.85,35,sell
1767033317348,1893456007111130,0.85,375,buy
1767033317348,1893456007111129,0.15,309,buy
1767033317348,1893456007111128,0.85,66,sell
1767034292427,1893456007111145,0.85,11,buy
1767034292427,1893456007111144,0.85,11,sell
1767034591378,1893456007111147,0.85,14,buy
1767034591378,1893456007111146,0.85,14,sell
1767036120185,1893456007111203,0.88,225,buy
1767036120185,1893456007111202,0.12,225,buy
1767038690661,1893456007111269,0.9,1,buy
1767038690661,1893456007111268,0.1,1,buy
1767041944073,1893456007111333,0.91,75,buy
1767041944073,1893456007111332,0.09,75,buy
1767044138336,1893456007111365,0.13,20,buy
1767044138336,1893456007111364,0.87,20,buy
1767049783186,1893456007111499,0.9,22,buy
1767049783186,1893456007111498,0.1,22,buy
1767051395884,1893456007111555,0.91,5,buy
1767051395884,1893456007111554,0.09,5,buy
1767054322481,1893456007111619,0.91,10,buy
1767054322481,1893456007111618,0.09,10,buy
1767054491799,1893456007111623,0.91,10,buy
1767054491799,1893456007111622,0.09,10,buy
1767055041121,1893456007111643,0.92,3,buy
1767055041121,1893456007111642,0.08,3,buy
1767055113088,1893456007111645,0.89,3,sell
1767055113088,1893456007111644,0.89,3,buy
1767055212974,1893456007111654,0.92,5,buy
1767055212974,1893456007111653,0.08,5,buy
1767056127505,1893456007111664,0.88,1,sell
1767056127505,1893456007111663,0.88,1,buy
1767058174655,1893456007111691,0.92,10,buy
1767058174655,1893456007111690,0.08,10,buy
1767063167540,1893456007111799,0.94,10,buy
1767063167540,1893456007111798,0.06,10,buy
1767063892240,1893456007111807,0.94,3,buy
1767063892240,1893456007111806,0.06,3,buy
1767063993244,1893456007111809,0.94,2,buy
1767063993244,1893456007111808,0.06,2,buy
1767065383897,1893456007111857,0.89,25,sell
1767065383897,1893456007111856,0.89,25,buy
1767065870069,1893456007111869,0.11,15,buy
1767065870069,1893456007111868,0.89,15,buy
1767066005274,1893456007111873,0.93,25,buy
1767066005274,1893456007111872,0.07,25,buy
1767068013938,1893456007111910,0.92,25,buy
1767068013938,1893456007111909,0.08,25,buy
1767080059507,1893456007112048,0.08,1,buy
1767080059507,1893456007112047,0.92,1,buy
1767082053792,1893456007112056,0.11,1,buy
1767082053792,1893456007112055,0.89,1,buy
1767084482460,1893456007112096,0.15,100,buy
1767084482460,1893456007112095,0.85,100,buy
1767084775991,1893456007112098,0.89,112,buy
1767084775991,1893456007112097,0.11,112,buy
1767086881638,1893456007112118,0.91,1,buy
1767086881638,1893456007112117,0.09,1,buy
1767090250924,1893456007112193,0.88,28,buy
1767090250924,1893456007112192,0.12,28,buy
1767094730333,1893456007112285,0.89,2,buy
1767094730333,1893456007112284,0.11,2,buy
1767102369502,1893456007112491,0.89,43,buy
1767102369502,1893456007112490,0.11,43,buy
1767103142782,1893456007112507,0.86,112,sell
1767103142782,1893456007112506,0.86,112,buy
1767103293094,1893456007112511,0.89,224,buy
1767103293094,1893456007112510,0.11,224,buy
1767105411651,1893456007112574,0.87,3,buy
1767105411651,1893456007112573,0.13,3,buy
1767105528664,1893456007112576,0.87,200,buy
1767105528664,1893456007112575,0.13,200,buy
1767105643812,1893456007112584,0.9,8,buy
1767105643812,1893456007112583,0.1,8,buy
1767107184624,1893456007112715,0.2,20,buy
1767107184624,1893456007112714,0.8,20,buy
1767107419498,1893456007112724,0.84,200,buy
1767107419498,1893456007112723,0.16,200,buy
1767107906718,1893456007112734,0.86,116,buy
1767107906718,1893456007112733,0.14,116,buy
1767109992984,1893456007112808,0.76,131,buy
1767109992984,1893456007112807,0.24,131,buy
1767110381803,1893456007112846,0.75,300,buy
1767110381803,1893456007112845,0.25,300,buy
1767111298464,1893456007112861,0.29,344,buy
1767111298464,1893456007112860,0.71,344,buy
1767111655306,1893456007112887,0.7,140,buy
1767111655306,1893456007112886,0.3,140,buy
1767112379873,1893456007112903,0.74,189,buy
1767112379873,1893456007112902,0.26,189,buy
1767112801367,1893456007112933,0.79,1,buy
1767112801367,1893456007112932,0.21,1,buy
1767115700628,1893456007113037,0.83,14,buy
1767115700628,1893456007113036,0.17,14,buy
1767116381498,1893456007113047,0.83,120,buy
1767116381498,1893456007113046,0.17,120,buy
1767116836193,1893456007113079,0.87,200,buy
1767116836193,1893456007113078,0.13,200,buy
1767116837465,1893456007113105,0.87,200,buy
1767116837465,1893456007113104,0.13,200,buy
1767118304555,1893456007113127,0.89,103,buy
1767118304555,1893456007113126,0.11,103,buy
1767118474630,1893456007113131,0.14,7,buy
1767118474630,1893456007113130,0.86,7,buy
1767120127020,1893456007113173,0.17,352,buy
1767120127020,1893456007113172,0.16,1000,buy
1767120127020,1893456007113171,0.15,200,buy
1767120127020,1893456007113170,0.83,352,buy
1767120127020,1893456007113169,0.84,400,buy
1767120127020,1893456007113168,0.84,600,buy
1767120127020,1893456007113167,0.85,200,buy
1767120901358,1893456007113187,0.89,112,buy
1767120901358,1893456007113186,0.11,112,buy
1767120972846,1893456007113189,0.14,1,buy
1767120972846,1893456007113188,0.86,1,buy
1767121125306,1893456007113191,0.88,28,buy
1767121125306,1893456007113190,0.12,28,buy
1767121567043,1893456007113234,0.89,3,buy
1767121567043,1893456007113233,0.89,3,sell
1767121621764,1893456007113244,0.89,200,buy
1767121621764,1893456007113243,0.89,200,sell
1767121833777,1893456007113262,0.89,400,buy
1767121833777,1893456007113261,0.89,400,sell
1767121833785,1893456007113264,0.89,200,buy
1767121833785,1893456007113263,0.89,200,sell
1767122083206,1893456007113266,0.89,10,buy
1767122083206,1893456007113265,0.89,10,sell
1767122694986,1893456007113292,0.89,10,buy
1767122694986,1893456007113291,0.89,10,sell
1767126205742,1893456007113402,0.89,28,buy
1767126205742,1893456007113401,0.89,28,sell
1767126507627,1893456007113410,0.89,175,buy
1767126507627,1893456007113409,0.89,175,sell
1767126517648,1893456007113412,0.93,8,buy
1767126517648,1893456007113411,0.07,8,buy
1767126946707,1893456007113434,0.91,1,buy
1767126946707,1893456007113433,0.09,1,buy
1767127218830,1893456007113479,0.88,98,sell
1767127218830,1893456007113478,0.88,98,buy
1767127598595,1893456007113489,0.93,917,buy
1767127598595,1893456007113488,0.07,917,buy
1767127612873,1893456007113491,0.93,25,buy
1767127612873,1893456007113490,0.07,25,buy
1767127619953,1893456007113493,0.93,25,buy
1767127619953,1893456007113492,0.07,25,buy
1767127638160,1893456007113495,0.93,17,buy
1767127638160,1893456007113494,0.07,17,buy
1767127646754,1893456007113497,0.93,2,buy
1767127646754,1893456007113496,0.07,2,buy
1767130914110,1893456007113652,0.91,100,buy
1767130914110,1893456007113651,0.09,100,buy
1767131155405,1893456007113654,0.91,10,buy
1767131155405,1893456007113653,0.09,10,buy
1767132280573,1893456007113662,0.9,1,buy
1767132280573,1893456007113661,0.1,1,buy
1767133074342,1893456007113672,0.87,148,sell
1767133074342,1893456007113671,0.87,148,buy
1767133125199,1893456007113674,0.9,11,buy
1767133125199,1893456007113673,0.1,11,buy
1767136325397,1893456007113726,0.9,1,buy
1767136325397,1893456007113725,0.1,1,buy
1767136886491,1893456007113766,0.89,3,buy
1767136886491,1893456007113765,0.11,3,buy
1767137155815,1893456007113780,0.9,10,buy
1767137155815,1893456007113779,0.1,10,buy
1767137429361,1893456007113812,0.89,27,buy
1767137429361,1893456007113811,0.11,27,buy
1767138603746,1893456007113842,0.9,79,buy
1767138603746,1893456007113841,0.1,79,buy
1767141060164,1893456007113896,0.91,329,sell
1767141060164,1893456007113895,0.91,329,buy
1767141060933,1893456007113898,0.91,271,buy
1767141060933,1893456007113897,0.91,271,sell
1767144375003,1893456007113924,0.94,2,buy
1767144375003,1893456007113923,0.06,2,buy
1767145004260,1893456007113936,0.88,2,sell
1767145004260,1893456007113935,0.88,2,buy
1767145325285,1893456007113951,0.91,200,buy
1767145325285,1893456007113950,0.09,200,buy
1767145360483,1893456007113953,0.09,200,buy
1767145360483,1893456007113952,0.91,200,buy
1767145409013,1893456007113961,0.09,200,buy
1767145409013,1893456007113960,0.91,200,buy
1767145457448,1893456007113963,0.09,200,buy
1767145457448,1893456007113962,0.91,200,buy
1767145505965,1893456007113967,0.09,200,buy
1767145505965,1893456007113966,0.91,200,buy
1767145554495,1893456007113969,0.09,200,buy
1767145554495,1893456007113968,0.91,200,buy
1767146330287,1893456007113977,0.93,200,buy
1767146330287,1893456007113976,0.07,200,buy
1767146340384,1893456007113979,0.07,200,buy
1767146340384,1893456007113978,0.93,200,buy
1767146559145,1893456007113988,0.95,20,buy
1767146559145,1893456007113987,0.05,20,buy
1767147521484,1893456007113996,0.94,53,buy
1767147521484,1893456007113995,0.06,53,buy
1767148797446,1893456007114020,0.95,1,buy
1767148797446,1893456007114019,0.05,1,buy
1767151699816,1893456007114093,0.97,2,buy
1767151699816,1893456007114092,0.03,2,buy
1767152808497,1893456007114129,0.97,72,buy
1767152808497,1893456007114128,0.03,72,buy
1767153087137,1893456007114149,0.96,300,sell
1767153087137,1893456007114148,0.96,300,buy
1767159733412,1893456007114446,0.99,50,buy
1767159733412,1893456007114445,0.01,50,buy
1767162522374,1893456007114566,0.97,120,sell
1767162522374,1893456007114565,0.97,120,buy
1767165710727,1893456007114656,0.01,114,sell
1767165710727,1893456007114655,0.01,114,buy
1767180127807,1893456007114963,0.99,5,buy
1767180127807,1893456007114962,0.99,5,sell
1767183131770,1893456007114999,0.99,1,buy
1767183131770,1893456007114998,0.99,1,sell
1767186930837,1893456007115039,0.99,3,buy
1767186930837,1893456007115038,0.99,3,sell
