timestamp_ms,tid,price,amount,type
1772564840226,1893456007733697,0.52,22,buy
1772564840226,1893456007733696,0.48,22,buy
1772564929107,1893456007733707,0.54,10,buy
1772564929107,1893456007733706,0.46,10,buy
1772564948094,1893456007733711,0.56,1,buy
1772564948094,1893456007733710,0.44,1,buy
1772565135346,1893456007733717,0.53,100,buy
1772565135346,1893456007733716,0.47,100,buy
1772565301944,1893456007733735,0.63,67,buy
1772565301944,1893456007733734,0.37,67,buy
1772565585017,1893456007733759,0.6,62,buy
1772565585017,1893456007733758,0.4,62,buy
1772565593396,1893456007733761,0.67,29,buy
1772565593396,1893456007733760,0.33,29,buy
1772565632493,1893456007733765,0.25,32,buy
1772565632493,1893456007733764,0.75,32,buy
1772565812961,1893456007733789,0.83,59,buy
1772565812961,1893456007733788,0.83,59,sell
1772565814757,1893456007733793,0.83,41,buy
1772565814757,1893456007733792,0.8,10,buy
1772565814757,1893456007733791,0.83,41,sell
1772565814757,1893456007733790,0.8,10,sell
1772565909595,1893456007733797,0.17,8,buy
1772565909595,1893456007733796,0.83,8,buy
1772566027437,1893456007733807,0.24,64,buy
1772566027437,1893456007733806,0.76,64,buy
1772566048447,1893456007733811,0.75,45,buy
1772566048447,1893456007733810,0.25,45,buy
1772566126285,1893456007733815,0.72,67,buy
1772566126285,1893456007733814,0.28,67,buy
1772566231707,1893456007733821,0.36,30,buy
1772566231707,1893456007733820,0.64,30,buy
1772566448007,1893456007733829,0.57,84,buy
1772566448007,1893456007733828,0.43,84,buy
1772566659393,1893456007733855,0.64,105,buy
1772566659393,1893456007733854,0.63,200,buy
1772566659393,1893456007733853,0.36,105,buy
1772566659393,1893456007733852,0.37,200,buy
1772566671827,1893456007733859,0.37,25,buy
1772566671827,1893456007733858,0.63,25,buy
1772566922841,1893456007733901,0.8,21,buy
1772566922841,1893456007733900,0.79,100,buy
1772566922841,1893456007733899,0.2,21,buy
1772566922841,1893456007733898,0.21,100,buy
1772566928625,1893456007733905,0.82,95,buy
1772566928625,1893456007733904,0.18,45,buy
1772566928625,1893456007733903,0.18,25,buy
1772566928625,1893456007733902,0.18,25,buy
1772566942367,1893456007733909,0.23,100,buy
1772566942367,1893456007733908,0.77,100,buy
1772566942416,1893456007733911,0.23,27,buy
1772566942416,1893456007733910,0.77,27,buy
1772566946717,1893456007733915,0.76,30,buy
1772566946717,1893456007733914,0.24,30,buy
1772566987131,1893456007733919,0.31,2,buy
1772566987131,1893456007733918,0.69,2,buy
1772567085322,1893456007733930,0.79,50,buy
1772567085322,1893456007733929,0.21,25,buy
1772567085322,1893456007733928,0.21,25,buy
1772567085414,1893456007733932,0.21,25,buy
1772567085414,1893456007733931,0.79,25,buy
1772567085514,1893456007733934,0.21,25,buy
1772567085514,1893456007733933,0.79,25,buy
1772567159774,1893456007733943,0.82,69,buy
1772567159774,1893456007733942,0.81,50,buy
1772567159774,1893456007733941,0.18,19,buy
1772567159774,1893456007733940,0.18,25,buy
1772567159774,1893456007733939,0.18,25,buy
1772567159774,1893456007733938,0.19,25,buy
1772567159774,1893456007733937,0.19,25,buy
1772567159778,1893456007733945,0.18,19,buy
1772567159778,1893456007733944,0.82,19,buy
1772567159794,1893456007733947,0.18,19,buy
1772567159794,1893456007733946,0.82,19,buy
1772567159804,1893456007733949,0.18,19,buy
1772567159804,1893456007733948,0.82,19,buy
1772567159815,1893456007733951,0.18,19,buy
1772567159815,1893456007733950,0.82,19,buy
1772567159824,1893456007733953,0.18,19,buy
1772567159824,1893456007733952,0.82,19,buy
1772567159832,1893456007733955,0.18,19,buy
1772567159832,1893456007733954,0.82,19,buy
1772567159842,1893456007733957,0.18,8,buy
1772567159842,1893456007733956,0.82,8,buy
1772567216254,1893456007733969,0.14,25,buy
1772567216254,1893456007733968,0.86,25,buy
1772567216296,1893456007733971,0.14,33,buy
1772567216296,1893456007733970,0.86,33,buy
1772567396772,1893456007733992,0.69,28,buy
1772567396772,1893456007733991,0.31,28,buy
1772567398794,1893456007733994,0.69,100,buy
1772567398794,1893456007733993,0.31,100,buy
1772567399044,1893456007733996,0.69,25,buy
1772567399044,1893456007733995,0.31,25,buy
1772567505891,1893456007734006,0.8,100,buy
1772567505891,1893456007734005,0.2,100,buy
1772567537556,1893456007734008,0.76,41,buy
1772567537556,1893456007734007,0.24,41,buy
1772567604254,1893456007734010,0.49,25,buy
1772567604254,1893456007734009,0.51,25,buy
1772567604470,1893456007734012,0.51,25,buy
1772567604470,1893456007734011,0.49,25,buy
1772567613654,1893456007734014,0.49,25,buy
1772567613654,1893456007734013,0.51,25,buy
1772567615285,1893456007734016,0.47,50,buy
1772567615285,1893456007734015,0.53,50,buy
1772567635957,1893456007734018,0.51,87,buy
1772567635957,1893456007734017,0.49,87,buy
1772567692098,1893456007734042,0.64,5,buy
1772567692098,1893456007734041,0.36,5,buy
1772567781281,1893456007734055,0.64,147,buy
1772567781281,1893456007734054,0.36,147,buy
1772567844457,1893456007734059,0.46,35,buy
1772567844457,1893456007734058,0.54,35,buy
1772567899595,1893456007734063,0.39,200,buy
1772567899595,1893456007734062,0.61,200,buy
1772567899688,1893456007734065,0.39,100,buy
1772567899688,1893456007734064,0.61,100,buy
1772567958647,1893456007734069,0.22,23,buy
1772567958647,1893456007734068,0.22,23,sell
1772567960602,1893456007734071,0.17,95,sell
1772567960602,1893456007734070,0.17,95,buy
1772567967846,1893456007734073,0.86,100,buy
1772567967846,1893456007734072,0.14,100,buy
1772567967965,1893456007734075,0.14,100,buy
1772567967965,1893456007734074,0.86,100,buy
1772567968827,1893456007734079,0.14,100,buy
1772567968827,1893456007734078,0.86,100,buy
1772567968827,1893456007734077,0.14,200,buy
1772567968827,1893456007734076,0.86,200,buy
1772567968859,1893456007734081,0.14,200,buy
1772567968859,1893456007734080,0.86,200,buy
1772567968878,1893456007734083,0.14,50,buy
1772567968878,1893456007734082,0.86,50,buy
1772567974476,1893456007734089,0.15,5,sell
1772567974476,1893456007734088,0.16,200,sell
1772567974476,1893456007734087,0.17,100,sell
1772567974476,1893456007734086,0.15,5,buy
1772567974476,1893456007734085,0.16,200,buy
1772567974476,1893456007734084,0.17,100,buy
1772567978597,1893456007734092,0.83,120,buy
1772567978597,1893456007734091,0.17,20,buy
1772567978597,1893456007734090,0.17,100,buy
1772567992527,1893456007734096,0.11,100,buy
1772567992527,1893456007734095,0.89,100,buy
1772567993138,1893456007734098,0.11,11,buy
1772567993138,1893456007734097,0.89,11,buy
