timestamp_ms,tid,price,amount,type
1772730233147,1893456007758308,0.79,19,buy
1772730233147,1893456007758307,0.78,25,buy
1772730233147,1893456007758306,0.77,25,buy
1772730233147,1893456007758305,0.21,19,buy
1772730233147,1893456007758304,0.22,25,buy
1772730233147,1893456007758303,0.23,25,buy
1772730257596,1893456007758318,0.79,19,buy
1772730257596,1893456007758317,0.78,25,buy
1772730257596,1893456007758316,0.77,25,buy
1772730257596,1893456007758315,0.21,19,buy
1772730257596,1893456007758314,0.22,25,buy
1772730257596,1893456007758313,0.23,25,buy
1772730278058,1893456007758322,0.76,25,buy
1772730278058,1893456007758321,0.24,25,buy
1772730278136,1893456007758324,0.24,25,buy
1772730278136,1893456007758323,0.76,25,buy
1772730278184,1893456007758326,0.24,25,buy
1772730278184,1893456007758325,0.76,25,buy
1772730278253,1893456007758328,0.24,25,buy
1772730278253,1893456007758327,0.76,25,buy
1772730289157,1893456007758332,0.19,35,buy
1772730289157,1893456007758331,0.81,35,buy
1772730289161,1893456007758334,0.19,26,buy
1772730289161,1893456007758333,0.81,26,buy
1772730289521,1893456007758336,0.22,25,buy
1772730289521,1893456007758335,0.78,25,buy
1772730291306,1893456007758338,0.23,25,buy
1772730291306,1893456007758337,0.77,25,buy
1772730291419,1893456007758340,0.23,25,buy
1772730291419,1893456007758339,0.77,25,buy
1772730301317,1893456007758342,0.77,25,buy
1772730301317,1893456007758341,0.23,25,buy
1772730301413,1893456007758344,0.23,25,buy
1772730301413,1893456007758343,0.77,25,buy
1772730301456,1893456007758346,0.23,25,buy
1772730301456,1893456007758345,0.77,25,buy
1772730301515,1893456007758348,0.23,25,buy
1772730301515,1893456007758347,0.77,25,buy
1772730301577,1893456007758350,0.23,25,buy
1772730301577,1893456007758349,0.77,25,buy
1772730307756,1893456007758352,0.77,25,buy
1772730307756,1893456007758351,0.23,25,buy
1772730307783,1893456007758354,0.23,25,buy
1772730307783,1893456007758353,0.77,25,buy
1772730326996,1893456007758356,0.71,25,buy
1772730326996,1893456007758355,0.29,25,buy
1772730327026,1893456007758358,0.29,25,buy
1772730327026,1893456007758357,0.71,25,buy
1772730356364,1893456007758362,0.72,25,buy
1772730356364,1893456007758361,0.28,25,buy
1772730356414,1893456007758364,0.28,25,buy
1772730356414,1893456007758363,0.72,25,buy
1772730356446,1893456007758366,0.28,25,buy
1772730356446,1893456007758365,0.72,25,buy
1772730356526,1893456007758368,0.28,25,buy
1772730356526,1893456007758367,0.72,25,buy
1772730359875,1893456007758370,0.72,25,buy
1772730359875,1893456007758369,0.28,25,buy
1772730359926,1893456007758372,0.28,25,buy
1772730359926,1893456007758371,0.72,25,buy
1772730445588,1893456007758423,0.57,12,buy
1772730445588,1893456007758422,0.56,25,buy
1772730445588,1893456007758421,0.55,125,buy
1772730445588,1893456007758420,0.43,12,buy
1772730445588,1893456007758419,0.44,25,buy
1772730445588,1893456007758418,0.45,100,buy
1772730445588,1893456007758417,0.45,25,buy
1772730585464,1893456007758788,0.63,25,buy
1772730585464,1893456007758787,0.37,25,buy
1772730585533,1893456007758792,0.64,25,buy
1772730585533,1893456007758791,0.36,25,buy
1772730585587,1893456007758798,0.36,25,buy
1772730585587,1893456007758797,0.64,25,buy
1772730592641,1893456007758818,0.65,25,buy
1772730592641,1893456007758817,0.35,25,buy
1772730592675,1893456007758824,0.66,25,buy
1772730592675,1893456007758823,0.34,25,buy
1772730592709,1893456007758832,0.34,25,buy
1772730592709,1893456007758831,0.66,25,buy
1772730592746,1893456007758838,0.35,25,buy
1772730592746,1893456007758837,0.65,25,buy
1772730592786,1893456007758840,0.35,25,buy
1772730592786,1893456007758839,0.65,25,buy
1772730592812,1893456007758842,0.35,25,buy
1772730592812,1893456007758841,0.65,25,buy
1772730596706,1893456007758860,0.66,25,buy
1772730596706,1893456007758859,0.34,25,buy
1772730596751,1893456007758862,0.34,25,buy
1772730596751,1893456007758861,0.66,25,buy
1772730596776,1893456007758864,0.34,25,buy
1772730596776,1893456007758863,0.66,25,buy
1772730600266,1893456007758866,0.66,25,buy
1772730600266,1893456007758865,0.34,25,buy
1772730600316,1893456007758868,0.34,25,buy
1772730600316,1893456007758867,0.66,25,buy
1772730600993,1893456007758872,0.67,25,buy
1772730600993,1893456007758871,0.33,25,buy
1772730600998,1893456007758876,0.68,25,buy
1772730600998,1893456007758875,0.32,25,buy
1772730601038,1893456007758884,0.32,25,buy
1772730601038,1893456007758883,0.68,25,buy
1772730601038,1893456007758882,0.32,25,buy
1772730601038,1893456007758881,0.68,25,buy
1772730601116,1893456007758888,0.32,25,buy
1772730601116,1893456007758887,0.68,25,buy
1772730601132,1893456007758892,0.68,25,buy
1772730601132,1893456007758891,0.32,25,buy
1772730601246,1893456007758898,0.32,25,buy
1772730601246,1893456007758897,0.68,25,buy
1772730601296,1893456007758900,0.32,25,buy
1772730601296,1893456007758899,0.68,25,buy
1772730601311,1893456007758902,0.69,25,buy
1772730601311,1893456007758901,0.31,25,buy
1772730601351,1893456007758905,0.7,51,buy
1772730601351,1893456007758904,0.3,26,buy
1772730601351,1893456007758903,0.3,25,buy
1772730601356,1893456007758907,0.3,26,buy
1772730601356,1893456007758906,0.7,26,buy
1772730601366,1893456007758909,0.3,23,buy
1772730601366,1893456007758908,0.7,23,buy
1772730601396,1893456007758911,0.31,25,buy
1772730601396,1893456007758910,0.69,25,buy
1772730601679,1893456007758913,0.69,25,buy
1772730601679,1893456007758912,0.31,25,buy
1772730601738,1893456007758915,0.31,25,buy
1772730601738,1893456007758914,0.69,25,buy
1772730601784,1893456007758917,0.31,25,buy
1772730601784,1893456007758916,0.69,25,buy
1772730619417,1893456007758928,0.65,25,buy
1772730619417,1893456007758927,0.35,25,buy
1772730619456,1893456007758936,0.35,25,buy
1772730619456,1893456007758935,0.65,25,buy
1772730619487,1893456007758940,0.35,25,buy
1772730619487,1893456007758939,0.65,25,buy
1772730619526,1893456007758952,0.35,25,buy
1772730619526,1893456007758951,0.65,25,buy
1772730619602,1893456007758966,0.66,25,buy
1772730619602,1893456007758965,0.34,25,buy
1772730619766,1893456007758986,0.34,25,buy
1772730619766,1893456007758985,0.66,25,buy
1772730625581,1893456007758994,0.66,25,buy
1772730625581,1893456007758993,0.34,25,buy
1772730625636,1893456007758996,0.34,25,buy
1772730625636,1893456007758995,0.66,25,buy
1772730625688,1893456007758998,0.66,25,buy
1772730625688,1893456007758997,0.34,25,buy
1772730625736,1893456007759000,0.34,25,buy
1772730625736,1893456007758999,0.66,25,buy
1772730640867,1893456007759004,0.67,25,buy
1772730640867,1893456007759003,0.33,25,buy
1772730640907,1893456007759006,0.33,25,buy
1772730640907,1893456007759005,0.67,25,buy
1772730640947,1893456007759008,0.33,25,buy
1772730640947,1893456007759007,0.67,25,buy
1772730640986,1893456007759010,0.33,25,buy
1772730640986,1893456007759009,0.67,25,buy
1772730642823,1893456007759012,0.67,25,buy
1772730642823,1893456007759011,0.33,25,buy
1772730642866,1893456007759014,0.33,25,buy
1772730642866,1893456007759013,0.67,25,buy
1772730642896,1893456007759016,0.33,25,buy
1772730642896,1893456007759015,0.67,25,buy
1772730643808,1893456007759018,0.68,25,buy
1772730643808,1893456007759017,0.32,25,buy
1772730643896,1893456007759020,0.32,25,buy
1772730643896,1893456007759019,0.68,25,buy
1772730652557,1893456007759030,0.66,25,buy
1772730652557,1893456007759029,0.34,25,buy
1772730652846,1893456007759032,0.34,25,buy
1772730652846,1893456007759031,0.66,25,buy
1772730658847,1893456007759036,0.35,25,buy
1772730658847,1893456007759035,0.65,25,buy
1772730658876,1893456007759038,0.35,25,buy
1772730658876,1893456007759037,0.65,25,buy
1772730658938,1893456007759040,0.35,25,buy
1772730658938,1893456007759039,0.65,25,buy
1772730981217,1893456007759181,0.66,25,buy
1772730981217,1893456007759180,0.34,25,buy
1772730988386,1893456007759183,0.69,25,buy
1772730988386,1893456007759182,0.31,25,buy
1772730989262,1893456007759185,0.7,25,buy
1772730989262,1893456007759184,0.3,25,buy
1772730989306,1893456007759187,0.3,25,buy
1772730989306,1893456007759186,0.7,25,buy
1772730989943,1893456007759189,0.71,25,buy
1772730989943,1893456007759188,0.29,25,buy
1772730989974,1893456007759191,0.29,25,buy
1772730989974,1893456007759190,0.71,25,buy
1772730994088,1893456007759193,0.7,25,buy
1772730994088,1893456007759192,0.3,25,buy
1772730994132,1893456007759195,0.3,25,buy
1772730994132,1893456007759194,0.7,25,buy
1772730994166,1893456007759197,0.3,25,buy
1772730994166,1893456007759196,0.7,25,buy
1772730994236,1893456007759199,0.3,25,buy
1772730994236,1893456007759198,0.7,25,buy
1772730997206,1893456007759201,0.7,25,buy
1772730997206,1893456007759200,0.3,25,buy
1772730997296,1893456007759205,0.3,25,buy
1772730997296,1893456007759204,0.7,25,buy
1772730997336,1893456007759207,0.3,25,buy
1772730997336,1893456007759206,0.7,25,buy
1772731020258,1893456007759211,0.68,25,buy
1772731020258,1893456007759210,0.32,25,buy
1772731020296,1893456007759213,0.32,25,buy
1772731020296,1893456007759212,0.68,25,buy
1772731020735,1893456007759217,0.7,25,buy
1772731020735,1893456007759216,0.69,25,buy
1772731020735,1893456007759215,0.3,25,buy
1772731020735,1893456007759214,0.31,25,buy
1772731020767,1893456007759221,0.3,25,buy
1772731020767,1893456007759220,0.7,25,buy
1772731020767,1893456007759219,0.3,25,buy
1772731020767,1893456007759218,0.7,25,buy
1772731020917,1893456007759223,0.69,25,buy
1772731020917,1893456007759222,0.31,25,buy
1772731020976,1893456007759225,0.31,25,buy
1772731020976,1893456007759224,0.69,25,buy
1772731046897,1893456007759229,0.31,25,buy
1772731046897,1893456007759228,0.69,25,buy
1772731047221,1893456007759231,0.31,25,buy
1772731047221,1893456007759230,0.69,25,buy
1772731799802,1893456007759521,0.74,50,buy
1772731799802,1893456007759520,0.74,50,sell
1772732367137,1893456007760197,0.85,133,buy
1772732367137,1893456007760196,0.15,133,buy
1772732513806,1893456007760233,0.12,14,buy
1772732513806,1893456007760232,0.88,14,buy
