timestamp_ms,tid,price,amount,type
1771181361257,1893456007495755,0.37,3,buy
1771181361257,1893456007495754,0.63,3,buy
1771189675245,1893456007496410,0.39,7,buy
1771189675245,1893456007496409,0.61,7,buy
1771308773058,1893456007504406,0.35,27,buy
1771308773058,1893456007504405,0.65,27,buy
1771318468376,1893456007504585,0.29,25,buy
1771318468376,1893456007504584,0.71,25,buy
1771318544789,1893456007504589,0.29,60,buy
1771318544789,1893456007504588,0.71,60,buy
1771342092687,1893456007505895,0.22,80,buy
1771342092687,1893456007505894,0.78,80,buy
1771342142135,1893456007505899,0.22,21,buy
1771342142135,1893456007505898,0.78,21,buy
1771355651195,1893456007506763,0.32,29,buy
1771355651195,1893456007506762,0.68,29,buy
1771368776276,1893456007507501,0.79,57,buy
1771368776276,1893456007507500,0.77,5,buy
1771368776276,1893456007507499,0.21,52,buy
1771368776276,1893456007507498,0.21,5,buy
1771368776276,1893456007507497,0.23,5,buy
1771375671717,1893456007508322,0.19,10,sell
1771375671717,1893456007508321,0.19,10,buy
1771387622455,1893456007509798,0.25,13,buy
1771387622455,1893456007509797,0.75,13,buy
1771412863541,1893456007510763,0.8,1,buy
1771412863541,1893456007510762,0.2,1,buy
1771412988197,1893456007510791,0.82,1,buy
1771412988197,1893456007510790,0.18,1,buy
1771418192672,1893456007510923,0.14,2,sell
1771418192672,1893456007510922,0.14,2,buy
1771422879412,1893456007511057,0.17,250,buy
1771422879412,1893456007511056,0.83,250,buy
1771424155275,1893456007511079,0.18,500,buy
1771424155275,1893456007511078,0.82,500,buy
1771433814377,1893456007512069,0.16,90,buy
1771433814377,1893456007512068,0.84,90,buy
1771448125403,1893456007514047,0.88,1,buy
1771448125403,1893456007514046,0.12,1,buy
1771448174818,1893456007514057,0.12,1,buy
1771448174818,1893456007514056,0.88,1,buy
1771475848622,1893456007518894,0.14,120,buy
1771475848622,1893456007518893,0.86,120,buy
1771489624516,1893456007519660,0.88,200,buy
1771489624516,1893456007519659,0.12,200,buy
1771518086995,1893456007521825,0.96,26,buy
1771518086995,1893456007521824,0.04,26,buy
1771518249847,1893456007521881,0.04,13,sell
1771518249847,1893456007521880,0.04,13,buy
1771521688430,1893456007522107,0.8,1,buy
1771521688430,1893456007522106,0.8,1,sell
1771537190695,1893456007523231,0.95,52,buy
1771537190695,1893456007523230,0.05,52,buy
1771550720335,1893456007524828,0.95,40,buy
1771550720335,1893456007524827,0.05,40,buy
1771558611236,1893456007525702,0.1,190,buy
1771558611236,1893456007525701,0.9,190,buy
1771603862446,1893456007531146,0.1,162,buy
1771603862446,1893456007531145,0.9,162,buy
1771605783001,1893456007531728,0.08,90,buy
1771605783001,1893456007531727,0.92,90,buy
1771625174567,1893456007536143,0.06,531,buy
1771625174567,1893456007536142,0.94,531,buy
1771632523806,1893456007537105,0.06,31,buy
1771632523806,1893456007537104,0.94,31,buy
1771638103787,1893456007538156,0.04,520,buy
1771638103787,1893456007538155,0.96,520,buy
1771638105396,1893456007538158,0.96,520,buy
1771638105396,1893456007538157,0.04,520,buy
1771638108696,1893456007538162,0.96,460,buy
1771638108696,1893456007538161,0.04,460,buy
1771638219773,1893456007538206,0.04,60,buy
1771638219773,1893456007538205,0.96,60,buy
1771638220171,1893456007538208,0.96,520,buy
1771638220171,1893456007538207,0.04,520,buy
1771638223286,1893456007538210,0.96,520,buy
1771638223286,1893456007538209,0.04,520,buy
1771638225709,1893456007538212,0.96,520,buy
1771638225709,1893456007538211,0.04,520,buy
1771638228546,1893456007538214,0.96,520,buy
1771638228546,1893456007538213,0.04,520,buy
1771638231170,1893456007538216,0.96,520,buy
1771638231170,1893456007538215,0.04,520,buy
1771638233821,1893456007538218,0.96,520,buy
1771638233821,1893456007538217,0.04,520,buy
1771638236083,1893456007538220,0.96,520,buy
1771638236083,1893456007538219,0.04,520,buy
1771638238770,1893456007538222,0.96,520,buy
1771638238770,1893456007538221,0.04,520,buy
1771638242082,1893456007538226,0.96,520,buy
1771638242082,1893456007538225,0.04,520,buy
1771638245124,1893456007538228,0.96,520,buy
1771638245124,1893456007538227,0.04,520,buy
1771638247720,1893456007538230,0.96,520,buy
1771638247720,1893456007538229,0.04,520,buy
1771638250619,1893456007538232,0.96,220,buy
1771638250619,1893456007538231,0.04,220,buy
1771639439588,1893456007538734,0.04,119,buy
1771639439588,1893456007538733,0.96,119,buy
1771640421065,1893456007539321,0.04,100,buy
1771640421065,1893456007539320,0.96,100,buy
1771640663207,1893456007539343,0.04,23,buy
1771640663207,1893456007539342,0.96,23,buy
1771641227757,1893456007539499,0.05,100,buy
1771641227757,1893456007539498,0.95,100,buy
1771641431840,1893456007539525,0.96,100,buy
1771641431840,1893456007539524,0.04,100,buy
1771661657997,1893456007543222,0.04,357,buy
1771661657997,1893456007543221,0.96,357,buy
1771664699267,1893456007543349,0.05,57,buy
1771664699267,1893456007543348,0.95,57,buy
1771666530916,1893456007543391,0.07,537,buy
1771666530916,1893456007543390,0.93,537,buy
1771666783582,1893456007543399,0.05,190,buy
1771666783582,1893456007543398,0.95,190,buy
1771667178783,1893456007543413,0.05,95,buy
1771667178783,1893456007543412,0.95,95,buy
1771667371917,1893456007543419,0.01,822,sell
1771667371917,1893456007543418,0.01,822,buy
1771673545131,1893456007543620,0.99,3,buy
1771673545131,1893456007543619,0.01,3,buy
1771678678832,1893456007543943,0.05,526,buy
1771678678832,1893456007543942,0.95,526,buy
1771681691454,1893456007544166,0.04,520,buy
1771681691454,1893456007544165,0.96,520,buy
1771686417733,1893456007544687,0.06,444,buy
1771686417733,1893456007544686,0.94,444,buy
1771686727416,1893456007544737,0.06,87,buy
1771686727416,1893456007544736,0.94,87,buy
1771687099878,1893456007544755,0.07,340,buy
1771687099878,1893456007544754,0.93,340,buy
1771687791563,1893456007544835,0.05,190,buy
1771687791563,1893456007544834,0.95,190,buy
1771688336744,1893456007544915,0.96,40,buy
1771688336744,1893456007544914,0.04,40,buy
1771688565393,1893456007545005,0.96,40,buy
1771688565393,1893456007545004,0.04,40,buy
1771689271019,1893456007545181,0.08,543,buy
1771689271019,1893456007545180,0.92,543,buy
1771689732975,1893456007545235,0.96,420,buy
1771689732975,1893456007545234,0.04,420,buy
1771691643977,1893456007545587,0.04,119,buy
1771691643977,1893456007545586,0.96,119,buy
1771691758073,1893456007545601,0.04,202,buy
1771691758073,1893456007545600,0.96,202,buy
1771691968448,1893456007545633,0.05,190,buy
1771691968448,1893456007545632,0.95,190,buy
1771692032897,1893456007545641,0.05,336,buy
1771692032897,1893456007545640,0.95,336,buy
1771696679427,1893456007545988,0.04,238,buy
1771696679427,1893456007545987,0.96,238,buy
1771696835194,1893456007546072,0.04,119,buy
1771696835194,1893456007546071,0.96,119,buy
1771699495166,1893456007548061,0.04,100,buy
1771699495166,1893456007548060,0.96,100,buy
1771699694244,1893456007548100,0.04,238,buy
1771699694244,1893456007548099,0.96,238,buy
1771699752814,1893456007548110,0.05,226,buy
1771699752814,1893456007548109,0.05,226,sell
1771700968441,1893456007548244,0.05,476,buy
1771700968441,1893456007548243,0.95,171,buy
1771700968441,1893456007548242,0.05,305,sell
1771701790686,1893456007548319,0.04,31,buy
1771701790686,1893456007548318,0.96,31,buy
1771703034450,1893456007548459,0.04,199,buy
1771703034450,1893456007548458,0.96,199,buy
1771705446277,1893456007548923,0.04,238,buy
1771705446277,1893456007548922,0.96,238,buy
1771714572697,1893456007550910,0.03,317,buy
1771714572697,1893456007550909,0.97,317,buy
1771715005936,1893456007551004,0.03,63,buy
1771715005936,1893456007551003,0.97,63,buy
1771716018738,1893456007551126,0.03,158,buy
1771716018738,1893456007551125,0.97,158,buy
1771718010815,1893456007551615,0.03,1047,buy
1771718010815,1893456007551614,0.97,286,buy
1771718010815,1893456007551613,0.03,761,sell
1771719983386,1893456007552085,0.03,317,buy
1771719983386,1893456007552084,0.97,317,buy
1771722678828,1893456007552612,0.03,158,buy
1771722678828,1893456007552611,0.97,158,buy
1771723176415,1893456007552712,0.03,158,buy
1771723176415,1893456007552711,0.97,158,buy
1771723416326,1893456007552747,0.03,158,buy
1771723416326,1893456007552746,0.97,158,buy
1771723552977,1893456007552762,0.03,63,buy
1771723552977,1893456007552761,0.03,22,sell
1771723552977,1893456007552760,0.97,41,buy
1771724306582,1893456007552904,0.03,166,buy
1771724306582,1893456007552903,0.97,131,buy
1771724306582,1893456007552902,0.03,35,sell
1771727384922,1893456007554224,0.03,150,buy
1771727384922,1893456007554223,0.97,150,buy
1771733985714,1893456007556705,0.04,358,buy
1771733985714,1893456007556704,0.03,665,buy
1771733985714,1893456007556703,0.04,17,sell
1771733985714,1893456007556702,0.96,1,buy
1771733985714,1893456007556701,0.04,340,sell
1771733985714,1893456007556700,0.97,515,buy
1771733985714,1893456007556699,0.03,150,sell
1771742565257,1893456007557789,0.03,63,buy
1771742565257,1893456007557788,0.97,63,buy
