timestamp_ms,tid,price,amount,type
1772467657754,1893456007710821,0.48,3,buy
1772467657754,1893456007710820,0.52,3,buy
1772467804246,1893456007710915,0.37,100,buy
1772467804246,1893456007710914,0.63,100,buy
1772467888237,1893456007710942,0.65,45,buy
1772467888237,1893456007710941,0.64,25,buy
1772467888237,1893456007710940,0.35,25,buy
1772467888237,1893456007710939,0.35,20,buy
1772467888237,1893456007710938,0.36,25,buy
1772467888301,1893456007710944,0.35,5,buy
1772467888301,1893456007710943,0.65,5,buy
1772467907690,1893456007710952,0.35,20,buy
1772467907690,1893456007710951,0.65,20,buy
1772467907796,1893456007710954,0.35,25,buy
1772467907796,1893456007710953,0.65,25,buy
1772467926025,1893456007710971,0.35,20,buy
1772467926025,1893456007710970,0.65,20,buy
1772467928475,1893456007710973,0.35,10,buy
1772467928475,1893456007710972,0.65,10,buy
1772467960720,1893456007710977,0.6,17,buy
1772467960720,1893456007710976,0.4,17,buy
1772468170545,1893456007711013,0.58,41,buy
1772468170545,1893456007711012,0.42,41,buy
1772468436066,1893456007711049,0.51,29,buy
1772468436066,1893456007711048,0.49,29,buy
1772468772924,1893456007711103,0.53,52,buy
1772468772924,1893456007711102,0.47,52,buy
1772468936036,1893456007711177,0.57,29,sell
1772468936036,1893456007711176,0.57,29,buy
1772469017210,1893456007711189,0.55,27,buy
1772469017210,1893456007711188,0.45,27,buy
1772469110716,1893456007711211,0.3,27,sell
1772469110716,1893456007711210,0.3,27,buy
1772469198496,1893456007711221,0.57,19,buy
1772469198496,1893456007711220,0.43,19,buy
1772469214326,1893456007711225,0.4,4,buy
1772469214326,1893456007711224,0.6,4,buy
1772469274647,1893456007711233,0.29,19,sell
1772469274647,1893456007711232,0.29,19,buy
1772469309777,1893456007711235,0.32,14,buy
1772469309777,1893456007711234,0.32,14,sell
1772469310394,1893456007711237,0.32,38,buy
1772469310394,1893456007711236,0.32,38,sell
1772469369919,1893456007711245,0.71,41,buy
1772469369919,1893456007711244,0.29,41,buy
1772469508876,1893456007711259,0.19,50,buy
1772469508876,1893456007711258,0.81,50,buy
1772469753229,1893456007711285,0.45,14,buy
1772469753229,1893456007711284,0.45,14,sell
1772469772428,1893456007711289,0.54,87,buy
1772469772428,1893456007711288,0.46,87,buy
1772469816884,1893456007711309,0.56,45,buy
1772469816884,1893456007711308,0.44,25,buy
1772469816884,1893456007711307,0.44,20,buy
1772469816956,1893456007711320,0.58,45,buy
1772469816956,1893456007711319,0.57,45,buy
1772469816956,1893456007711318,0.42,20,buy
1772469816956,1893456007711317,0.42,25,buy
1772469816956,1893456007711316,0.43,25,buy
1772469816956,1893456007711315,0.43,20,buy
1772469865087,1893456007711336,0.8,45,buy
1772469865087,1893456007711335,0.2,25,buy
1772469865087,1893456007711334,0.2,20,buy
1772469865144,1893456007711338,0.2,20,buy
1772469865144,1893456007711337,0.8,20,buy
1772469865213,1893456007711340,0.2,20,buy
1772469865213,1893456007711339,0.8,20,buy
1772469865233,1893456007711342,0.2,25,buy
1772469865233,1893456007711341,0.8,25,buy
1772469865305,1893456007711344,0.2,13,buy
1772469865305,1893456007711343,0.8,13,buy
1772470107767,1893456007711517,0.89,3,sell
1772470107767,1893456007711516,0.11,3,sell
1772470112619,1893456007711519,0.11,38,buy
1772470112619,1893456007711518,0.11,38,sell
1772470169879,1893456007711561,0.87,111,buy
1772470169879,1893456007711560,0.13,111,buy
1772470180459,1893456007711575,0.86,91,sell
1772470180459,1893456007711574,0.86,91,buy
1772470234068,1893456007711602,0.21,100,buy
1772470234068,1893456007711601,0.79,100,buy
1772470390238,1893456007711670,0.13,100,buy
1772470390238,1893456007711669,0.87,100,buy
1772470395377,1893456007711672,0.13,100,buy
1772470395377,1893456007711671,0.87,100,buy
1772470395496,1893456007711674,0.13,144,buy
1772470395496,1893456007711673,0.87,144,buy
1772470395651,1893456007711676,0.14,100,buy
1772470395651,1893456007711675,0.86,100,buy
1772470422206,1893456007711723,0.13,200,buy
1772470422206,1893456007711722,0.87,200,buy
1772470423094,1893456007711725,0.13,100,buy
1772470423094,1893456007711724,0.87,100,buy
1772470426218,1893456007711727,0.13,44,buy
1772470426218,1893456007711726,0.87,44,buy
1772470426652,1893456007711729,0.14,300,buy
1772470426652,1893456007711728,0.86,300,buy
1772470426788,1893456007711731,0.14,48,buy
1772470426788,1893456007711730,0.86,48,buy
1772470426824,1893456007711733,0.86,152,buy
1772470426824,1893456007711732,0.14,152,buy
1772470426856,1893456007711735,0.14,196,buy
1772470426856,1893456007711734,0.86,196,buy
1772470426880,1893456007711737,0.85,4,buy
1772470426880,1893456007711736,0.15,4,buy
1772470426959,1893456007711739,0.14,100,buy
1772470426959,1893456007711738,0.86,100,buy
1772470427108,1893456007711741,0.14,100,buy
1772470427108,1893456007711740,0.86,100,buy
1772470427549,1893456007711743,0.14,144,buy
1772470427549,1893456007711742,0.86,144,buy
1772470427572,1893456007711745,0.86,56,buy
1772470427572,1893456007711744,0.14,56,buy
1772470427597,1893456007711747,0.14,100,buy
1772470427597,1893456007711746,0.86,100,buy
1772470513368,1893456007711768,0.85,28,buy
1772470513368,1893456007711767,0.15,8,buy
1772470513368,1893456007711766,0.15,20,buy
1772470590224,1893456007711778,0.23,6,buy
1772470590224,1893456007711777,0.77,6,buy
1772470598692,1893456007711780,0.61,24,buy
1772470598692,1893456007711779,0.39,24,buy
1772470687926,1893456007711792,0.56,100,buy
1772470687926,1893456007711791,0.44,100,buy
1772470688465,1893456007711794,0.56,8,buy
1772470688465,1893456007711793,0.44,8,buy
1772470751756,1893456007711806,0.17,1,buy
1772470751756,1893456007711805,0.17,1,sell
1772470759186,1893456007711826,0.23,119,buy
1772470759186,1893456007711825,0.21,24,buy
1772470759186,1893456007711824,0.15,1,buy
1772470759186,1893456007711823,0.13,1,buy
1772470759186,1893456007711822,0.11,1,buy
1772470759186,1893456007711821,0.09,1,buy
1772470759186,1893456007711820,0.07,1,buy
1772470759186,1893456007711819,0.05,1,buy
1772470759186,1893456007711818,0.03,1,buy
1772470759186,1893456007711817,0.01,1,buy
1772470759186,1893456007711816,0.77,119,buy
1772470759186,1893456007711815,0.79,24,buy
1772470759186,1893456007711814,0.85,1,buy
1772470759186,1893456007711813,0.87,1,buy
1772470759186,1893456007711812,0.89,1,buy
1772470759186,1893456007711811,0.91,1,buy
1772470759186,1893456007711810,0.93,1,buy
1772470759186,1893456007711809,0.95,1,buy
1772470759186,1893456007711808,0.97,1,buy
1772470759186,1893456007711807,0.99,1,buy
1772470802431,1893456007711832,0.23,8,buy
1772470802431,1893456007711831,0.77,8,buy
