timestamp_ms,tid,price,amount,type
1772773659816,1893456007770355,0.83,20,buy
1772773659816,1893456007770354,0.17,20,buy
1772773733976,1893456007770369,0.75,50,buy
1772773733976,1893456007770368,0.25,50,buy
1772774916897,1893456007770532,0.7,13,buy
1772774916897,1893456007770531,0.3,13,buy
1772775027848,1893456007770537,0.68,142,buy
1772775027848,1893456007770536,0.32,102,buy
1772775027848,1893456007770535,0.32,40,buy
1772775111287,1893456007770548,0.3,74,buy
1772775111287,1893456007770547,0.29,540,buy
1772775111287,1893456007770546,0.28,417,buy
1772775111287,1893456007770545,0.7,34,buy
1772775111287,1893456007770544,0.7,40,buy
1772775111287,1893456007770543,0.71,300,buy
1772775111287,1893456007770542,0.71,40,buy
1772775111287,1893456007770541,0.71,200,buy
1772775111287,1893456007770540,0.72,277,buy
1772775111287,1893456007770539,0.72,40,buy
1772775111287,1893456007770538,0.72,100,buy
1772775111293,1893456007770550,0.7,34,buy
1772775111293,1893456007770549,0.3,34,buy
1772775111304,1893456007770552,0.7,34,buy
1772775111304,1893456007770551,0.3,34,buy
1772775111314,1893456007770554,0.7,34,buy
1772775111314,1893456007770553,0.3,34,buy
1772775111319,1893456007770556,0.7,34,buy
1772775111319,1893456007770555,0.3,34,buy
1772775111324,1893456007770558,0.7,34,buy
1772775111324,1893456007770557,0.3,34,buy
1772775111332,1893456007770562,0.7,277,buy
1772775111332,1893456007770561,0.3,277,buy
1772775111332,1893456007770560,0.7,100,buy
1772775111332,1893456007770559,0.3,100,buy
1772775111344,1893456007770564,0.7,34,buy
1772775111344,1893456007770563,0.3,34,buy
1772775111354,1893456007770566,0.7,34,buy
1772775111354,1893456007770565,0.3,34,buy
1772775111364,1893456007770568,0.7,34,buy
1772775111364,1893456007770567,0.3,34,buy
1772775111374,1893456007770570,0.7,277,buy
1772775111374,1893456007770569,0.3,277,buy
1772775111382,1893456007770572,0.7,34,buy
1772775111382,1893456007770571,0.3,34,buy
1772775111402,1893456007770574,0.7,200,buy
1772775111402,1893456007770573,0.3,200,buy
1772775111405,1893456007770576,0.7,31,buy
1772775111405,1893456007770575,0.3,31,buy
1772775265219,1893456007770592,0.2,40,buy
1772775265219,1893456007770591,0.8,40,buy
1772775265274,1893456007770594,0.8,40,buy
1772775265274,1893456007770593,0.2,40,buy
1772775265303,1893456007770596,0.21,40,buy
1772775265303,1893456007770595,0.79,40,buy
1772775265444,1893456007770598,0.79,40,buy
1772775265444,1893456007770597,0.21,40,buy
1772775265488,1893456007770600,0.22,40,buy
1772775265488,1893456007770599,0.78,40,buy
1772775265503,1893456007770602,0.78,40,buy
1772775265503,1893456007770601,0.22,40,buy
1772775265534,1893456007770604,0.78,20,buy
1772775265534,1893456007770603,0.22,20,buy
1772775265617,1893456007770612,0.22,20,buy
1772775265617,1893456007770611,0.78,20,buy
1772775265651,1893456007770616,0.23,40,buy
1772775265651,1893456007770615,0.77,40,buy
1772775284925,1893456007770620,0.74,3,buy
1772775284925,1893456007770619,0.26,3,buy
1772775293977,1893456007770630,0.33,20,buy
1772775293977,1893456007770629,0.32,40,buy
1772775293977,1893456007770628,0.31,40,buy
1772775293977,1893456007770627,0.67,20,buy
1772775293977,1893456007770626,0.68,40,buy
1772775293977,1893456007770625,0.69,40,buy
1772775294020,1893456007770634,0.68,40,buy
1772775294020,1893456007770633,0.32,40,buy
1772775294037,1893456007770636,0.33,20,buy
1772775294037,1893456007770635,0.67,20,buy
1772775294038,1893456007770638,0.34,40,buy
1772775294038,1893456007770637,0.66,40,buy
1772775294044,1893456007770640,0.64,40,buy
1772775294044,1893456007770639,0.36,40,buy
1772775294145,1893456007770653,0.64,40,buy
1772775294145,1893456007770652,0.36,40,buy
1772775294145,1893456007770651,0.64,40,buy
1772775294145,1893456007770650,0.36,20,buy
1772775294145,1893456007770649,0.36,20,buy
1772775294145,1893456007770648,0.64,40,buy
1772775294145,1893456007770647,0.36,40,buy
1772775294145,1893456007770646,0.64,40,buy
1772775294145,1893456007770645,0.36,40,buy
1772775294199,1893456007770677,0.64,40,buy
1772775294199,1893456007770676,0.36,40,buy
1772775294199,1893456007770675,0.64,20,buy
1772775294199,1893456007770674,0.63,20,buy
1772775294199,1893456007770673,0.36,20,buy
1772775294199,1893456007770672,0.37,20,buy
1772775294199,1893456007770671,0.63,40,buy
1772775294199,1893456007770670,0.37,40,buy
1772775294199,1893456007770669,0.63,40,buy
1772775294199,1893456007770668,0.37,40,buy
1772775308597,1893456007770687,0.39,40,buy
1772775308597,1893456007770686,0.38,40,buy
1772775308597,1893456007770685,0.61,40,buy
1772775308597,1893456007770684,0.62,40,buy
1772775308619,1893456007770689,0.4,40,buy
1772775308619,1893456007770688,0.6,40,buy
1772775308695,1893456007770691,0.41,40,buy
1772775308695,1893456007770690,0.59,40,buy
1772775308723,1893456007770699,0.59,40,buy
1772775308723,1893456007770698,0.41,40,buy
1772775308723,1893456007770697,0.59,40,buy
1772775308723,1893456007770696,0.41,40,buy
1772775483334,1893456007770722,0.77,10,buy
1772775483334,1893456007770721,0.23,10,buy
1772775649105,1893456007770747,0.44,20,buy
1772775649105,1893456007770746,0.56,20,buy
1772775702917,1893456007770753,0.58,10,buy
1772775702917,1893456007770752,0.42,10,buy
1772775718223,1893456007770757,0.49,10,buy
1772775718223,1893456007770756,0.51,10,buy
1772775744363,1893456007770761,0.58,12,buy
1772775744363,1893456007770760,0.42,12,buy
1772775757793,1893456007770765,0.63,10,buy
1772775757793,1893456007770764,0.37,10,buy
1772775797953,1893456007770767,0.56,10,buy
1772775797953,1893456007770766,0.56,10,sell
1772775801939,1893456007770769,0.56,10,buy
1772775801939,1893456007770768,0.56,10,sell
1772775845837,1893456007770775,0.43,10,buy
1772775845837,1893456007770774,0.57,10,buy
1772775891416,1893456007770777,0.51,10,buy
1772775891416,1893456007770776,0.49,10,buy
1772775896512,1893456007770779,0.53,40,buy
1772775896512,1893456007770778,0.47,40,buy
1772775896608,1893456007770781,0.47,40,buy
1772775896608,1893456007770780,0.53,40,buy
1772775966385,1893456007770785,0.48,40,buy
1772775966385,1893456007770784,0.52,40,buy
1772775966413,1893456007770787,0.52,40,buy
1772775966413,1893456007770786,0.48,40,buy
1772776081627,1893456007770793,0.41,10,buy
1772776081627,1893456007770792,0.59,10,buy
1772776084496,1893456007770795,0.39,10,buy
1772776084496,1893456007770794,0.61,10,buy
1772776098708,1893456007770797,0.35,10,buy
1772776098708,1893456007770796,0.65,10,buy
1772776149944,1893456007770799,0.66,40,buy
1772776149944,1893456007770798,0.34,40,buy
1772776150898,1893456007770801,0.34,10,buy
1772776150898,1893456007770800,0.66,10,buy
1772776253558,1893456007770805,0.32,40,buy
1772776253558,1893456007770804,0.68,40,buy
1772776253624,1893456007770807,0.68,40,buy
1772776253624,1893456007770806,0.32,40,buy
1772776264432,1893456007770809,0.31,10,buy
1772776264432,1893456007770808,0.69,10,buy
1772776291726,1893456007770811,0.34,40,buy
1772776291726,1893456007770810,0.66,40,buy
1772776291764,1893456007770813,0.66,40,buy
1772776291764,1893456007770812,0.34,40,buy
1772776291804,1893456007770816,0.66,40,buy
1772776291804,1893456007770815,0.34,20,buy
1772776291804,1893456007770814,0.34,20,buy
1772776298524,1893456007770818,0.35,10,buy
1772776298524,1893456007770817,0.65,10,buy
1772776305694,1893456007770820,0.32,40,buy
1772776305694,1893456007770819,0.68,40,buy
1772776323306,1893456007770824,0.33,40,buy
1772776323306,1893456007770823,0.67,40,buy
1772776323364,1893456007770826,0.67,40,buy
1772776323364,1893456007770825,0.33,40,buy
1772776323407,1893456007770831,0.35,79,buy
1772776323407,1893456007770830,0.34,40,buy
1772776323407,1893456007770829,0.65,39,buy
1772776323407,1893456007770828,0.65,40,buy
1772776323407,1893456007770827,0.66,40,buy
1772776323521,1893456007770833,0.35,40,buy
1772776323521,1893456007770832,0.65,40,buy
1772776323727,1893456007770835,0.36,40,buy
1772776323727,1893456007770834,0.64,40,buy
1772776340516,1893456007770837,0.6,10,buy
1772776340516,1893456007770836,0.4,10,buy
1772776341732,1893456007770839,0.35,10,buy
1772776341732,1893456007770838,0.65,10,buy
1772776344056,1893456007770841,0.36,40,buy
1772776344056,1893456007770840,0.64,40,buy
1772776344089,1893456007770843,0.37,40,buy
1772776344089,1893456007770842,0.63,40,buy
1772776344180,1893456007770845,0.37,40,buy
1772776344180,1893456007770844,0.63,40,buy
1772776344206,1893456007770847,0.63,40,buy
1772776344206,1893456007770846,0.37,40,buy
1772776356857,1893456007770851,0.3,10,buy
1772776356857,1893456007770850,0.7,10,buy
1772776385306,1893456007770853,0.34,40,buy
1772776385306,1893456007770852,0.66,40,buy
1772776393118,1893456007770855,0.66,10,buy
1772776393118,1893456007770854,0.34,10,buy
1772776399524,1893456007770857,0.65,40,buy
1772776399524,1893456007770856,0.35,40,buy
1772776399616,1893456007770859,0.36,40,buy
1772776399616,1893456007770858,0.64,40,buy
1772776399645,1893456007770861,0.37,40,buy
1772776399645,1893456007770860,0.63,40,buy
1772776399660,1893456007770863,0.63,40,buy
1772776399660,1893456007770862,0.37,40,buy
1772776399726,1893456007770865,0.63,20,buy
1772776399726,1893456007770864,0.37,20,buy
1772776424551,1893456007770867,0.3,10,buy
1772776424551,1893456007770866,0.7,10,buy
1772776425413,1893456007770875,0.33,20,buy
1772776425413,1893456007770874,0.32,40,buy
1772776425413,1893456007770873,0.31,40,buy
1772776425413,1893456007770872,0.67,20,buy
1772776425413,1893456007770871,0.68,40,buy
1772776425413,1893456007770870,0.69,40,buy
1772776425428,1893456007770882,0.34,89,buy
1772776425428,1893456007770881,0.33,20,buy
1772776425428,1893456007770880,0.66,49,buy
1772776425428,1893456007770879,0.66,40,buy
1772776425428,1893456007770878,0.67,20,buy
1772776425565,1893456007770888,0.39,40,buy
1772776425565,1893456007770887,0.38,40,buy
1772776425565,1893456007770886,0.37,40,buy
1772776425565,1893456007770885,0.61,40,buy
1772776425565,1893456007770884,0.62,40,buy
1772776425565,1893456007770883,0.63,40,buy
1772776426189,1893456007770890,0.47,40,buy
1772776426189,1893456007770889,0.53,40,buy
1772776428947,1893456007770892,0.48,10,buy
1772776428947,1893456007770891,0.52,10,buy
1772776431011,1893456007770894,0.68,10,buy
1772776431011,1893456007770893,0.32,10,buy
1772776464809,1893456007770896,0.16,10,buy
1772776464809,1893456007770895,0.84,10,buy
1772776557434,1893456007770906,0.77,5,buy
1772776557434,1893456007770905,0.23,5,buy
1772776562946,1893456007770910,0.26,100,buy
1772776562946,1893456007770909,0.74,100,buy
1772776568461,1893456007770912,0.78,24,buy
1772776568461,1893456007770911,0.22,24,buy
1772776574606,1893456007770915,0.28,50,buy
1772776574606,1893456007770914,0.72,40,buy
1772776574606,1893456007770913,0.72,10,buy
1772776574643,1893456007770917,0.72,40,buy
1772776574643,1893456007770916,0.28,40,buy
1772776636120,1893456007770943,0.02,1,buy
1772776636120,1893456007770942,0.98,1,buy
1772776651315,1893456007770974,0.97,192,buy
1772776651315,1893456007770973,0.97,192,sell
