timestamp_ms,tid,price,amount,type
1772287378621,1893456007670509,0.86,50,buy
1772287378621,1893456007670508,0.14,50,buy
1772287382313,1893456007670515,0.84,50,buy
1772287382313,1893456007670514,0.16,50,buy
1772287408164,1893456007670529,0.82,15,buy
1772287408164,1893456007670528,0.18,15,buy
1772287533137,1893456007670626,0.17,200,buy
1772287533137,1893456007670625,0.83,200,buy
1772287535612,1893456007670628,0.17,361,buy
1772287535612,1893456007670627,0.83,361,buy
1772287535631,1893456007670633,0.83,239,buy
1772287535631,1893456007670632,0.17,200,buy
1772287535631,1893456007670631,0.17,39,buy
1772288101134,1893456007670717,0.85,200,buy
1772288101134,1893456007670716,0.15,200,buy
1772288101849,1893456007670719,0.15,152,buy
1772288101849,1893456007670718,0.85,152,buy
1772288101879,1893456007670721,0.85,352,buy
1772288101879,1893456007670720,0.15,352,buy
1772288101903,1893456007670723,0.85,96,buy
1772288101903,1893456007670722,0.15,96,buy
1772288528954,1893456007670927,0.83,200,buy
1772288528954,1893456007670926,0.17,200,buy
1772288541414,1893456007670938,0.82,200,buy
1772288541414,1893456007670937,0.18,200,buy
1772288541475,1893456007670940,0.83,200,buy
1772288541475,1893456007670939,0.17,200,buy
1772288868821,1893456007671019,0.91,200,buy
1772288868821,1893456007671018,0.09,200,buy
1772288877826,1893456007671021,0.09,129,buy
1772288877826,1893456007671020,0.91,129,buy
1772288877854,1893456007671023,0.91,71,buy
1772288877854,1893456007671022,0.09,71,buy
1772288909807,1893456007671027,0.09,200,buy
1772288909807,1893456007671026,0.91,200,buy
1772290344748,1893456007671611,0.1,11,buy
1772290344748,1893456007671610,0.9,11,buy
1772290347669,1893456007671613,0.09,15,buy
1772290347669,1893456007671612,0.91,15,buy
1772290347884,1893456007671615,0.09,15,buy
1772290347884,1893456007671614,0.91,15,buy
1772290348074,1893456007671619,0.09,15,buy
1772290348074,1893456007671618,0.91,15,buy
1772290348074,1893456007671617,0.09,15,buy
1772290348074,1893456007671616,0.91,15,buy
1772290349794,1893456007671621,0.09,15,buy
1772290349794,1893456007671620,0.91,15,buy
1772290355215,1893456007671627,0.09,15,buy
1772290355215,1893456007671626,0.91,15,buy
1772290355384,1893456007671629,0.09,15,buy
1772290355384,1893456007671628,0.91,15,buy
1772290355432,1893456007671631,0.09,15,buy
1772290355432,1893456007671630,0.91,15,buy
1772290355474,1893456007671633,0.09,15,buy
1772290355474,1893456007671632,0.91,15,buy
1772290355514,1893456007671635,0.09,15,buy
1772290355514,1893456007671634,0.91,15,buy
1772290355574,1893456007671637,0.09,15,buy
1772290355574,1893456007671636,0.91,15,buy
1772290358454,1893456007671639,0.09,15,buy
1772290358454,1893456007671638,0.91,15,buy
1772290359370,1893456007671641,0.09,15,buy
1772290359370,1893456007671640,0.91,15,buy
1772290359444,1893456007671645,0.09,15,buy
1772290359444,1893456007671644,0.91,15,buy
1772290359444,1893456007671643,0.09,15,buy
1772290359444,1893456007671642,0.91,15,buy
1772290359484,1893456007671649,0.09,15,buy
1772290359484,1893456007671648,0.91,15,buy
1772290359484,1893456007671647,0.09,15,buy
1772290359484,1893456007671646,0.91,15,buy
1772290359555,1893456007671655,0.09,15,buy
1772290359555,1893456007671654,0.91,15,buy
1772290359555,1893456007671653,0.09,15,buy
1772290359555,1893456007671652,0.91,15,buy
1772290359555,1893456007671651,0.09,15,buy
1772290359555,1893456007671650,0.91,15,buy
1772290359644,1893456007671663,0.09,15,buy
1772290359644,1893456007671662,0.91,15,buy
1772290359644,1893456007671661,0.09,15,buy
1772290359644,1893456007671660,0.91,15,buy
1772290359644,1893456007671659,0.09,15,buy
1772290359644,1893456007671658,0.91,15,buy
1772290359644,1893456007671657,0.09,15,buy
1772290359644,1893456007671656,0.91,15,buy
1772290359701,1893456007671669,0.09,15,buy
1772290359701,1893456007671668,0.91,15,buy
1772290359701,1893456007671667,0.09,15,buy
1772290359701,1893456007671666,0.91,15,buy
1772290359701,1893456007671665,0.09,15,buy
1772290359701,1893456007671664,0.91,15,buy
1772290360674,1893456007671671,0.09,15,buy
1772290360674,1893456007671670,0.91,15,buy
1772290360748,1893456007671675,0.09,15,buy
1772290360748,1893456007671674,0.91,15,buy
1772290360748,1893456007671673,0.09,15,buy
1772290360748,1893456007671672,0.91,15,buy
1772290360785,1893456007671679,0.09,15,buy
1772290360785,1893456007671678,0.91,15,buy
1772290360785,1893456007671677,0.09,15,buy
1772290360785,1893456007671676,0.91,15,buy
1772290588048,1893456007671861,0.08,15,buy
1772290588048,1893456007671860,0.92,15,buy
1772290588115,1893456007671863,0.08,15,buy
1772290588115,1893456007671862,0.92,15,buy
1772290588195,1893456007671867,0.08,15,buy
1772290588195,1893456007671866,0.92,15,buy
1772290588195,1893456007671865,0.08,15,buy
1772290588195,1893456007671864,0.92,15,buy
1772290588335,1893456007671869,0.08,15,buy
1772290588335,1893456007671868,0.92,15,buy
1772290588393,1893456007671873,0.08,15,buy
1772290588393,1893456007671872,0.92,15,buy
1772290588393,1893456007671871,0.08,15,buy
1772290588393,1893456007671870,0.92,15,buy
1772290588474,1893456007671875,0.08,15,buy
1772290588474,1893456007671874,0.92,15,buy
1772290588638,1893456007671885,0.08,15,buy
1772290588638,1893456007671884,0.92,15,buy
1772290588638,1893456007671883,0.08,15,buy
1772290588638,1893456007671882,0.92,15,buy
1772290588638,1893456007671881,0.08,15,buy
1772290588638,1893456007671880,0.92,15,buy
1772290588638,1893456007671879,0.08,15,buy
1772290588638,1893456007671878,0.92,15,buy
1772290588638,1893456007671877,0.08,15,buy
1772290588638,1893456007671876,0.92,15,buy
1772290588681,1893456007671889,0.08,15,buy
1772290588681,1893456007671888,0.92,15,buy
1772290588681,1893456007671887,0.08,15,buy
1772290588681,1893456007671886,0.92,15,buy
1772290588684,1893456007671895,0.08,15,buy
1772290588684,1893456007671894,0.92,15,buy
1772290588684,1893456007671893,0.08,15,buy
1772290588684,1893456007671892,0.92,15,buy
1772290588684,1893456007671891,0.08,15,buy
1772290588684,1893456007671890,0.92,15,buy
1772290588754,1893456007671901,0.08,15,buy
1772290588754,1893456007671900,0.92,15,buy
1772290588754,1893456007671899,0.08,15,buy
1772290588754,1893456007671898,0.92,15,buy
1772290588754,1893456007671897,0.08,15,buy
1772290588754,1893456007671896,0.92,15,buy
1772290588984,1893456007671903,0.08,15,buy
1772290588984,1893456007671902,0.92,15,buy
1772290589195,1893456007671907,0.08,15,buy
1772290589195,1893456007671906,0.92,15,buy
1772290589195,1893456007671905,0.08,15,buy
1772290589195,1893456007671904,0.92,15,buy
1772290589255,1893456007671909,0.08,15,buy
1772290589255,1893456007671908,0.92,15,buy
1772290589434,1893456007671913,0.08,15,buy
1772290589434,1893456007671912,0.92,15,buy
1772290589514,1893456007671929,0.08,15,buy
1772290589514,1893456007671928,0.92,15,buy
1772290589514,1893456007671927,0.08,15,buy
1772290589514,1893456007671926,0.92,15,buy
1772290589604,1893456007671943,0.08,15,buy
1772290589604,1893456007671942,0.92,15,buy
1772290589604,1893456007671941,0.08,15,buy
1772290589604,1893456007671940,0.92,15,buy
1772290589604,1893456007671939,0.08,15,buy
1772290589604,1893456007671938,0.92,15,buy
1772290589604,1893456007671937,0.08,15,buy
1772290589604,1893456007671936,0.92,15,buy
1772290589656,1893456007671951,0.09,10,buy
1772290589656,1893456007671950,0.91,10,buy
1772290589656,1893456007671949,0.09,10,buy
1772290589656,1893456007671948,0.08,5,buy
1772290589656,1893456007671947,0.91,10,buy
1772290589656,1893456007671946,0.92,5,buy
1772290589656,1893456007671945,0.08,15,buy
1772290589656,1893456007671944,0.92,15,buy
1772290615826,1893456007671976,0.83,15,buy
1772290615826,1893456007671975,0.17,15,buy
1772290619102,1893456007671984,0.86,15,buy
1772290619102,1893456007671983,0.85,15,buy
1772290619102,1893456007671982,0.84,15,buy
1772290619102,1893456007671981,0.14,15,buy
1772290619102,1893456007671980,0.15,15,buy
1772290619102,1893456007671979,0.16,15,buy
1772290622174,1893456007671986,0.87,15,buy
1772290622174,1893456007671985,0.13,15,buy
1772290686284,1893456007672069,0.92,1,buy
1772290686284,1893456007672068,0.08,1,buy
