timestamp_ms,tid,price,amount,type
1772331055899,1893456007688177,0.59,46,buy
1772331055899,1893456007688176,0.41,46,buy
1772331355955,1893456007688311,0.55,25,buy
1772331355955,1893456007688310,0.45,25,buy
1772331358014,1893456007688321,0.56,25,buy
1772331358014,1893456007688320,0.44,25,buy
1772331422756,1893456007688351,0.37,25,buy
1772331422756,1893456007688350,0.63,25,buy
1772331801517,1893456007688475,0.29,200,buy
1772331801517,1893456007688474,0.71,200,buy
1772331805546,1893456007688495,0.29,200,buy
1772331805546,1893456007688494,0.71,200,buy
1772331825294,1893456007688509,0.3,31,buy
1772331825294,1893456007688508,0.7,31,buy
1772331901140,1893456007688541,0.23,200,buy
1772331901140,1893456007688540,0.77,200,buy
1772331901274,1893456007688543,0.22,3,buy
1772331901274,1893456007688542,0.78,3,buy
1772331902334,1893456007688545,0.23,189,buy
1772331902334,1893456007688544,0.77,189,buy
1772331902374,1893456007688547,0.77,211,buy
1772331902374,1893456007688546,0.23,211,buy
1772331903735,1893456007688549,0.23,389,buy
1772331903735,1893456007688548,0.77,389,buy
1772331903774,1893456007688551,0.77,11,buy
1772331903774,1893456007688550,0.23,11,buy
1772331930436,1893456007688559,0.26,3,buy
1772331930436,1893456007688558,0.74,3,buy
1772331955914,1893456007688563,0.74,3,buy
1772331955914,1893456007688562,0.26,3,buy
1772332001167,1893456007688565,0.23,200,buy
1772332001167,1893456007688564,0.77,200,buy
1772332081448,1893456007688569,0.23,200,buy
1772332081448,1893456007688568,0.77,200,buy
1772332083262,1893456007688573,0.23,189,buy
1772332083262,1893456007688572,0.77,189,buy
1772332083336,1893456007688575,0.77,11,buy
1772332083336,1893456007688574,0.23,11,buy
1772332095602,1893456007688577,0.23,200,buy
1772332095602,1893456007688576,0.77,200,buy
1772332169660,1893456007688589,0.68,70,buy
1772332169660,1893456007688588,0.32,70,buy
1772332218616,1893456007688605,0.33,527,buy
1772332218616,1893456007688604,0.32,200,buy
1772332218616,1893456007688603,0.67,60,buy
1772332218616,1893456007688602,0.67,20,buy
1772332218616,1893456007688601,0.67,447,buy
1772332218616,1893456007688600,0.68,200,buy
1772332391630,1893456007688640,0.2,200,buy
1772332391630,1893456007688639,0.8,200,buy
1772332444866,1893456007688652,0.75,1,buy
1772332444866,1893456007688651,0.25,1,buy
1772332465594,1893456007688662,0.69,2,buy
1772332465594,1893456007688661,0.31,2,buy
1772332515535,1893456007688688,0.36,300,buy
1772332515535,1893456007688687,0.64,300,buy
1772332552797,1893456007688704,0.58,3,buy
1772332552797,1893456007688703,0.42,3,buy
1772332576235,1893456007688708,0.35,13,buy
1772332576235,1893456007688707,0.65,13,buy
1772332670625,1893456007688717,0.33,2,buy
1772332670625,1893456007688716,0.67,2,buy
1772332754857,1893456007688731,0.29,5,buy
1772332754857,1893456007688730,0.71,5,buy
1772332766085,1893456007688735,0.28,5,buy
1772332766085,1893456007688734,0.72,5,buy
1772332777831,1893456007688739,0.24,200,buy
1772332777831,1893456007688738,0.76,200,buy
1772332790582,1893456007688741,0.77,200,buy
1772332790582,1893456007688740,0.23,200,buy
1772332798928,1893456007688743,0.23,189,buy
1772332798928,1893456007688742,0.77,189,buy
1772332798987,1893456007688745,0.76,200,buy
1772332798987,1893456007688744,0.24,200,buy
1772332986177,1893456007688777,0.57,1,buy
1772332986177,1893456007688776,0.43,1,buy
1772332998767,1893456007688793,0.49,25,sell
1772332998767,1893456007688792,0.49,25,buy
1772333036390,1893456007688800,0.43,45,buy
1772333036390,1893456007688799,0.57,25,buy
1772333036390,1893456007688798,0.57,20,buy
1772333037683,1893456007688802,0.58,200,buy
1772333037683,1893456007688801,0.42,200,buy
1772333040578,1893456007688804,0.44,200,buy
1772333040578,1893456007688803,0.56,200,buy
1772333043814,1893456007688808,0.56,200,buy
1772333043814,1893456007688807,0.44,200,buy
1772333050308,1893456007688810,0.41,200,buy
1772333050308,1893456007688809,0.59,200,buy
1772333050858,1893456007688814,0.42,200,buy
1772333050858,1893456007688813,0.58,200,buy
1772333058937,1893456007688818,0.43,200,buy
1772333058937,1893456007688817,0.57,200,buy
1772333064857,1893456007688820,0.43,200,buy
1772333064857,1893456007688819,0.57,200,buy
1772333070010,1893456007688824,0.43,100,buy
1772333070010,1893456007688823,0.57,100,buy
1772333093994,1893456007688834,0.38,400,buy
1772333093994,1893456007688833,0.62,400,buy
1772333104836,1893456007688838,0.43,200,buy
1772333104836,1893456007688837,0.57,200,buy
1772333108546,1893456007688844,0.42,1,buy
1772333108546,1893456007688843,0.58,1,buy
1772333137557,1893456007688850,0.4,200,buy
1772333137557,1893456007688849,0.6,200,buy
1772333137667,1893456007688852,0.4,200,buy
1772333137667,1893456007688851,0.6,200,buy
1772333175626,1893456007688868,0.67,7,buy
1772333175626,1893456007688867,0.33,7,buy
1772333188167,1893456007688870,0.4,4,buy
1772333188167,1893456007688869,0.6,4,buy
1772333231946,1893456007688888,0.27,34,buy
1772333231946,1893456007688887,0.73,34,buy
1772333234646,1893456007688894,0.27,200,buy
1772333234646,1893456007688893,0.73,200,buy
1772333239897,1893456007688896,0.27,200,buy
1772333239897,1893456007688895,0.73,200,buy
1772333253797,1893456007688900,0.7,4,buy
1772333253797,1893456007688899,0.3,4,buy
1772333258748,1893456007688902,0.34,200,buy
1772333258748,1893456007688901,0.66,200,buy
1772333287404,1893456007688912,0.7,42,buy
1772333287404,1893456007688911,0.3,42,buy
1772333334047,1893456007688950,0.62,327,buy
1772333334047,1893456007688949,0.61,203,buy
1772333334047,1893456007688948,0.6,107,buy
1772333334047,1893456007688947,0.52,25,buy
1772333334047,1893456007688946,0.51,25,buy
1772333334047,1893456007688945,0.5,25,buy
1772333334047,1893456007688944,0.49,25,buy
1772333334047,1893456007688943,0.38,327,buy
1772333334047,1893456007688942,0.39,203,buy
1772333334047,1893456007688941,0.4,107,buy
1772333334047,1893456007688940,0.48,25,buy
1772333334047,1893456007688939,0.49,25,buy
1772333334047,1893456007688938,0.5,25,buy
1772333334047,1893456007688937,0.51,25,buy
1772333334065,1893456007688956,0.35,34,buy
1772333334065,1893456007688955,0.34,73,buy
1772333334065,1893456007688954,0.65,34,buy
1772333334065,1893456007688953,0.66,73,buy
1772333334065,1893456007688952,0.34,327,buy
1772333334065,1893456007688951,0.66,327,buy
1772333334074,1893456007688960,0.36,63,buy
1772333334074,1893456007688959,0.64,63,buy
1772333334078,1893456007688962,0.64,140,buy
1772333334078,1893456007688961,0.36,140,buy
1772333334092,1893456007688964,0.34,60,buy
1772333334092,1893456007688963,0.66,60,buy
1772333334135,1893456007688974,0.65,66,buy
1772333334135,1893456007688973,0.64,109,buy
1772333334135,1893456007688972,0.53,25,buy
1772333334135,1893456007688971,0.35,66,buy
1772333334135,1893456007688970,0.36,109,buy
1772333334135,1893456007688969,0.47,25,buy
1772333334173,1893456007688976,0.34,151,buy
1772333334173,1893456007688975,0.66,151,buy
1772333334174,1893456007688978,0.34,249,buy
1772333334174,1893456007688977,0.66,249,buy
1772333334177,1893456007688980,0.65,91,buy
1772333334177,1893456007688979,0.35,91,buy
1772333334261,1893456007688984,0.35,25,buy
1772333334261,1893456007688983,0.65,25,buy
1772333334261,1893456007688982,0.35,25,buy
1772333334261,1893456007688981,0.65,25,buy
1772333334264,1893456007688988,0.35,25,buy
1772333334264,1893456007688987,0.65,25,buy
1772333334264,1893456007688986,0.35,25,buy
1772333334264,1893456007688985,0.65,25,buy
1772333334455,1893456007688992,0.35,25,buy
1772333334455,1893456007688991,0.65,25,buy
1772333334455,1893456007688990,0.35,25,buy
1772333334455,1893456007688989,0.65,25,buy
1772333336085,1893456007689008,0.75,20,buy
1772333336085,1893456007689007,0.25,20,buy
1772333336155,1893456007689010,0.75,20,buy
1772333336155,1893456007689009,0.25,20,buy
1772333336214,1893456007689012,0.75,25,buy
1772333336214,1893456007689011,0.25,25,buy
1772333337217,1893456007689028,0.77,200,buy
1772333337217,1893456007689027,0.23,200,buy
1772333337344,1893456007689030,0.78,384,buy
1772333337344,1893456007689029,0.22,384,buy
1772333337512,1893456007689032,0.22,384,buy
1772333337512,1893456007689031,0.78,384,buy
1772333337517,1893456007689036,0.24,11,buy
1772333337517,1893456007689035,0.23,189,buy
1772333337517,1893456007689034,0.76,11,buy
1772333337517,1893456007689033,0.77,189,buy
1772333337844,1893456007689040,0.78,179,buy
1772333337844,1893456007689039,0.77,200,buy
1772333337844,1893456007689038,0.22,179,buy
1772333337844,1893456007689037,0.23,200,buy
1772333337934,1893456007689044,0.79,179,buy
1772333337934,1893456007689043,0.78,200,buy
1772333337934,1893456007689042,0.21,179,buy
1772333337934,1893456007689041,0.22,200,buy
1772333338014,1893456007689046,0.79,379,buy
1772333338014,1893456007689045,0.21,379,buy
1772333338115,1893456007689050,0.24,400,buy
1772333338115,1893456007689049,0.76,366,buy
1772333338115,1893456007689048,0.76,25,buy
1772333338115,1893456007689047,0.76,9,buy
1772333338124,1893456007689055,0.25,45,buy
1772333338124,1893456007689054,0.24,28,buy
1772333338124,1893456007689053,0.75,25,buy
1772333338124,1893456007689052,0.75,20,buy
1772333338124,1893456007689051,0.76,28,buy
1772333338179,1893456007689057,0.75,20,buy
1772333338179,1893456007689056,0.25,20,buy
1772333338928,1893456007689059,0.25,200,buy
1772333338928,1893456007689058,0.75,200,buy
1772333339607,1893456007689067,0.24,200,buy
1772333339607,1893456007689066,0.76,200,buy
1772333339684,1893456007689069,0.78,384,buy
1772333339684,1893456007689068,0.22,384,buy
1772333339777,1893456007689071,0.23,200,buy
1772333339777,1893456007689070,0.77,200,buy
1772333339818,1893456007689073,0.23,189,buy
1772333339818,1893456007689072,0.77,189,buy
1772333340527,1893456007689075,0.22,200,buy
1772333340527,1893456007689074,0.78,200,buy
1772333340839,1893456007689077,0.21,200,buy
1772333340839,1893456007689076,0.79,200,buy
1772333341086,1893456007689079,0.21,179,buy
1772333341086,1893456007689078,0.79,179,buy
1772333341134,1893456007689081,0.79,221,buy
1772333341134,1893456007689080,0.21,221,buy
1772333341224,1893456007689083,0.21,158,buy
1772333341224,1893456007689082,0.79,158,buy
1772333341335,1893456007689085,0.78,42,buy
1772333341335,1893456007689084,0.22,42,buy
1772333341344,1893456007689087,0.21,337,buy
1772333341344,1893456007689086,0.79,337,buy
1772333341567,1893456007689091,0.22,200,buy
1772333341567,1893456007689090,0.78,200,buy
1772333341577,1893456007689093,0.22,184,buy
1772333341577,1893456007689092,0.78,184,buy
1772333342127,1893456007689117,0.27,25,buy
1772333342127,1893456007689116,0.73,25,buy
1772333342371,1893456007689149,0.28,49,buy
1772333342371,1893456007689148,0.72,25,buy
1772333342371,1893456007689147,0.72,20,buy
1772333342371,1893456007689146,0.72,2,buy
1772333342371,1893456007689145,0.72,2,buy
1772333342382,1893456007689153,0.73,259,buy
1772333342382,1893456007689152,0.72,151,buy
1772333342382,1893456007689151,0.27,259,buy
1772333342382,1893456007689150,0.28,151,buy
1772333360147,1893456007689207,0.21,21,buy
1772333360147,1893456007689206,0.79,21,buy
1772333360387,1893456007689211,0.21,26,buy
1772333360387,1893456007689210,0.2,200,buy
1772333360387,1893456007689209,0.79,26,buy
1772333360387,1893456007689208,0.8,200,buy
1772333420570,1893456007689232,0.83,1,buy
1772333420570,1893456007689231,0.17,1,buy
1772333490996,1893456007689260,0.88,20,buy
1772333490996,1893456007689259,0.87,45,buy
1772333490996,1893456007689258,0.86,45,buy
1772333490996,1893456007689257,0.12,20,buy
1772333490996,1893456007689256,0.13,25,buy
1772333490996,1893456007689255,0.13,20,buy
1772333490996,1893456007689254,0.14,25,buy
1772333490996,1893456007689253,0.14,20,buy
1772333628359,1893456007689305,0.14,75,buy
1772333628359,1893456007689304,0.11,337,buy
1772333628359,1893456007689303,0.86,75,buy
1772333628359,1893456007689302,0.89,337,buy
1772333897847,1893456007689414,0.01,600,buy
1772333897847,1893456007689413,0.99,200,buy
1772333897847,1893456007689412,0.99,400,buy
1772333903982,1893456007689416,0.99,352,buy
1772333903982,1893456007689415,0.01,352,buy
