timestamp_ms,tid,price,amount,type
1772287378870,1893456007670513,0.52,2,buy
1772287378870,1893456007670512,0.48,2,buy
1772287509524,1893456007670602,0.61,200,buy
1772287509524,1893456007670601,0.39,200,buy
1772287510267,1893456007670613,0.39,200,buy
1772287510267,1893456007670612,0.61,200,buy
1772287983976,1893456007670703,0.5,9,buy
1772287983976,1893456007670702,0.5,9,buy
1772288194258,1893456007670731,0.4,200,buy
1772288194258,1893456007670730,0.6,200,buy
1772288443394,1893456007670840,0.7,238,buy
1772288443394,1893456007670839,0.3,238,buy
1772288467453,1893456007670876,0.26,132,buy
1772288467453,1893456007670875,0.74,132,buy
1772288521391,1893456007670919,0.33,215,buy
1772288521391,1893456007670918,0.3,190,buy
1772288521391,1893456007670917,0.67,200,buy
1772288521391,1893456007670916,0.67,15,buy
1772288521391,1893456007670915,0.7,190,buy
1772288521434,1893456007670921,0.67,428,buy
1772288521434,1893456007670920,0.33,428,buy
1772288521444,1893456007670923,0.67,15,buy
1772288521444,1893456007670922,0.33,15,buy
1772288521457,1893456007670925,0.67,347,buy
1772288521457,1893456007670924,0.33,347,buy
1772288649687,1893456007670955,0.28,200,buy
1772288649687,1893456007670954,0.72,200,buy
1772288649781,1893456007670959,0.28,216,buy
1772288649781,1893456007670958,0.72,216,buy
1772289036534,1893456007671066,0.28,400,buy
1772289036534,1893456007671065,0.72,400,buy
1772289087619,1893456007671072,0.21,200,buy
1772289087619,1893456007671071,0.79,200,buy
1772289120664,1893456007671076,0.21,200,buy
1772289120664,1893456007671075,0.79,200,buy
1772289121174,1893456007671078,0.21,379,buy
1772289121174,1893456007671077,0.79,379,buy
1772289121234,1893456007671080,0.79,21,buy
1772289121234,1893456007671079,0.21,21,buy
1772289241199,1893456007671096,0.22,200,buy
1772289241199,1893456007671095,0.78,200,buy
1772289241777,1893456007671098,0.22,184,buy
1772289241777,1893456007671097,0.78,184,buy
1772289301867,1893456007671106,0.2,200,buy
1772289301867,1893456007671105,0.8,200,buy
1772289307371,1893456007671108,0.16,200,buy
1772289307371,1893456007671107,0.84,200,buy
1772289358246,1893456007671114,0.35,20,buy
1772289358246,1893456007671113,0.65,20,buy
1772289454706,1893456007671175,0.52,15,buy
1772289454706,1893456007671174,0.48,15,buy
1772289454776,1893456007671177,0.48,15,buy
1772289454776,1893456007671176,0.52,15,buy
1772289454834,1893456007671179,0.48,15,buy
1772289454834,1893456007671178,0.52,15,buy
1772289454874,1893456007671181,0.48,15,buy
1772289454874,1893456007671180,0.52,15,buy
1772289467118,1893456007671194,0.46,200,buy
1772289467118,1893456007671193,0.54,185,buy
1772289467118,1893456007671192,0.54,15,buy
1772289469105,1893456007671196,0.48,200,buy
1772289469105,1893456007671195,0.52,200,buy
1772289469838,1893456007671198,0.5,15,buy
1772289469838,1893456007671197,0.5,15,buy
1772289492113,1893456007671204,0.39,200,buy
1772289492113,1893456007671203,0.61,200,buy
1772289492223,1893456007671206,0.39,291,buy
1772289492223,1893456007671205,0.61,291,buy
1772289492515,1893456007671208,0.61,109,buy
1772289492515,1893456007671207,0.39,109,buy
1772289500923,1893456007671210,0.38,200,buy
1772289500923,1893456007671209,0.62,200,buy
1772289518664,1893456007671212,0.38,200,buy
1772289518664,1893456007671211,0.62,200,buy
1772289538482,1893456007671214,0.44,8,buy
1772289538482,1893456007671213,0.56,8,buy
1772289684897,1893456007671223,0.48,35,buy
1772289684897,1893456007671222,0.52,20,buy
1772289684897,1893456007671221,0.52,15,buy
1772289684950,1893456007671225,0.52,15,buy
1772289684950,1893456007671224,0.48,15,buy
1772289684994,1893456007671227,0.52,20,buy
1772289684994,1893456007671226,0.48,20,buy
1772289685001,1893456007671229,0.52,15,buy
1772289685001,1893456007671228,0.48,15,buy
1772289685046,1893456007671243,0.52,144,buy
1772289685046,1893456007671242,0.51,215,buy
1772289685046,1893456007671241,0.5,147,buy
1772289685046,1893456007671240,0.49,94,buy
1772289685046,1893456007671239,0.48,144,buy
1772289685046,1893456007671238,0.49,180,buy
1772289685046,1893456007671237,0.49,20,buy
1772289685046,1893456007671236,0.49,15,buy
1772289685046,1893456007671235,0.5,112,buy
1772289685046,1893456007671234,0.5,20,buy
1772289685046,1893456007671233,0.5,15,buy
1772289685046,1893456007671232,0.51,59,buy
1772289685046,1893456007671231,0.51,20,buy
1772289685046,1893456007671230,0.51,15,buy
1772289685051,1893456007671245,0.52,111,buy
1772289685051,1893456007671244,0.48,111,buy
1772289685055,1893456007671253,0.52,15,buy
1772289685055,1893456007671252,0.48,15,buy
1772289685055,1893456007671251,0.46,118,buy
1772289685055,1893456007671250,0.54,118,buy
1772289685055,1893456007671249,0.46,112,buy
1772289685055,1893456007671248,0.54,112,buy
1772289685055,1893456007671247,0.46,59,buy
1772289685055,1893456007671246,0.54,59,buy
1772289685059,1893456007671255,0.54,62,buy
1772289685059,1893456007671254,0.46,62,buy
1772289685091,1893456007671265,0.47,15,buy
1772289685091,1893456007671264,0.53,15,buy
1772289685091,1893456007671263,0.47,15,buy
1772289685091,1893456007671262,0.53,15,buy
1772289685091,1893456007671261,0.47,15,buy
1772289685091,1893456007671260,0.53,15,buy
1772289685091,1893456007671259,0.47,15,buy
1772289685091,1893456007671258,0.53,15,buy
1772289685114,1893456007671269,0.47,20,buy
1772289685114,1893456007671268,0.53,20,buy
1772289685114,1893456007671267,0.47,20,buy
1772289685114,1893456007671266,0.53,20,buy
1772289685115,1893456007671271,0.47,20,buy
1772289685115,1893456007671270,0.53,20,buy
1772289685128,1893456007671279,0.47,15,buy
1772289685128,1893456007671278,0.53,15,buy
1772289685128,1893456007671277,0.47,15,buy
1772289685128,1893456007671276,0.53,15,buy
1772289685128,1893456007671275,0.47,15,buy
1772289685128,1893456007671274,0.53,15,buy
1772289685128,1893456007671273,0.47,15,buy
1772289685128,1893456007671272,0.53,15,buy
1772289685198,1893456007671285,0.47,15,buy
1772289685198,1893456007671284,0.53,15,buy
1772289685198,1893456007671283,0.47,15,buy
1772289685198,1893456007671282,0.53,15,buy
1772289685198,1893456007671281,0.47,15,buy
1772289685198,1893456007671280,0.53,15,buy
1772289685242,1893456007671287,0.47,20,buy
1772289685242,1893456007671286,0.53,20,buy
1772289918186,1893456007671303,0.57,4,buy
1772289918186,1893456007671302,0.43,4,buy
1772290089754,1893456007671421,0.26,203,buy
1772290089754,1893456007671420,0.25,35,buy
1772290089754,1893456007671419,0.24,35,buy
1772290089754,1893456007671418,0.23,35,buy
1772290089754,1893456007671417,0.22,35,buy
1772290089754,1893456007671416,0.74,168,buy
1772290089754,1893456007671415,0.74,20,buy
1772290089754,1893456007671414,0.74,15,buy
1772290089754,1893456007671413,0.75,20,buy
1772290089754,1893456007671412,0.75,15,buy
1772290089754,1893456007671411,0.76,20,buy
1772290089754,1893456007671410,0.76,15,buy
1772290089754,1893456007671409,0.77,20,buy
1772290089754,1893456007671408,0.77,15,buy
1772290089754,1893456007671407,0.78,20,buy
1772290089754,1893456007671406,0.78,15,buy
1772290149349,1893456007671475,0.85,119,buy
1772290149349,1893456007671474,0.84,200,buy
1772290149349,1893456007671473,0.15,119,buy
1772290149349,1893456007671472,0.16,200,buy
1772290253030,1893456007671499,0.16,130,buy
1772290253030,1893456007671498,0.84,130,buy
1772290253727,1893456007671503,0.85,40,buy
1772290253727,1893456007671502,0.15,40,buy
