timestamp_ms,tid,price,amount,type
1771596125974,1893456007527643,0.06,30,buy
1771596125974,1893456007527642,0.94,30,buy
1771596130496,1893456007527645,0.06,30,buy
1771596130496,1893456007527644,0.94,30,buy
1771596134909,1893456007527647,0.06,30,buy
1771596134909,1893456007527646,0.94,30,buy
1771596296737,1893456007527659,0.06,2,buy
1771596296737,1893456007527658,0.94,2,buy
1771596421626,1893456007527676,0.06,3,buy
1771596421626,1893456007527675,0.94,3,buy
1771596422076,1893456007527678,0.06,8,buy
1771596422076,1893456007527677,0.94,8,buy
1771596461296,1893456007527680,0.08,1,buy
1771596461296,1893456007527679,0.92,1,buy
1771596545256,1893456007527686,0.07,1,buy
1771596545256,1893456007527685,0.93,1,buy
1771596621486,1893456007527694,0.09,8,buy
1771596621486,1893456007527693,0.91,8,buy
1771596930833,1893456007527736,0.05,3,buy
1771596930833,1893456007527735,0.95,3,buy
1771597508036,1893456007527778,0.05,8,buy
1771597508036,1893456007527777,0.95,8,buy
1771597539562,1893456007527782,0.07,8,buy
1771597539562,1893456007527781,0.93,8,buy
1771597546126,1893456007527788,0.07,1,buy
1771597546126,1893456007527787,0.93,1,buy
1771597546176,1893456007527790,0.07,1,buy
1771597546176,1893456007527789,0.93,1,buy
1771597546216,1893456007527792,0.07,1,buy
1771597546216,1893456007527791,0.93,1,buy
1771597546242,1893456007527794,0.07,1,buy
1771597546242,1893456007527793,0.93,1,buy
1771597546269,1893456007527796,0.07,1,buy
1771597546269,1893456007527795,0.93,1,buy
1771597546289,1893456007527798,0.07,1,buy
1771597546289,1893456007527797,0.93,1,buy
1771597546320,1893456007527800,0.07,1,buy
1771597546320,1893456007527799,0.93,1,buy
1771597546617,1893456007527802,0.07,8,buy
1771597546617,1893456007527801,0.93,8,buy
1771597925547,1893456007527867,0.07,1,buy
1771597925547,1893456007527866,0.93,1,buy
1771597925582,1893456007527869,0.07,2,buy
1771597925582,1893456007527868,0.93,2,buy
1771597925595,1893456007527871,0.07,1,buy
1771597925595,1893456007527870,0.93,1,buy
1771597925626,1893456007527873,0.07,1,buy
1771597925626,1893456007527872,0.93,1,buy
1771597925652,1893456007527875,0.07,1,buy
1771597925652,1893456007527874,0.93,1,buy
1771597925672,1893456007527877,0.07,1,buy
1771597925672,1893456007527876,0.93,1,buy
1771597926805,1893456007527881,0.07,1,buy
1771597926805,1893456007527880,0.93,1,buy
1771597926875,1893456007527883,0.07,1,buy
1771597926875,1893456007527882,0.93,1,buy
1771597926906,1893456007527885,0.07,1,buy
1771597926906,1893456007527884,0.93,1,buy
1771597926956,1893456007527887,0.07,1,buy
1771597926956,1893456007527886,0.93,1,buy
1771597927000,1893456007527889,0.07,1,buy
1771597927000,1893456007527888,0.93,1,buy
1771597927026,1893456007527891,0.07,1,buy
1771597927026,1893456007527890,0.93,1,buy
1771597927062,1893456007527893,0.07,1,buy
1771597927062,1893456007527892,0.93,1,buy
1771597927087,1893456007527895,0.07,1,buy
1771597927087,1893456007527894,0.93,1,buy
1771597927126,1893456007527897,0.07,1,buy
1771597927126,1893456007527896,0.93,1,buy
1771597927159,1893456007527899,0.07,1,buy
1771597927159,1893456007527898,0.93,1,buy
1771597927184,1893456007527901,0.07,1,buy
1771597927184,1893456007527900,0.93,1,buy
1771597927209,1893456007527903,0.07,1,buy
1771597927209,1893456007527902,0.93,1,buy
1771597927236,1893456007527905,0.07,1,buy
1771597927236,1893456007527904,0.93,1,buy
1771597927286,1893456007527907,0.07,1,buy
1771597927286,1893456007527906,0.93,1,buy
1771597927706,1893456007527909,0.07,1,buy
1771597927706,1893456007527908,0.93,1,buy
1771597927776,1893456007527911,0.07,1,buy
1771597927776,1893456007527910,0.93,1,buy
1771597927806,1893456007527913,0.07,1,buy
1771597927806,1893456007527912,0.93,1,buy
1771597927841,1893456007527915,0.07,1,buy
1771597927841,1893456007527914,0.93,1,buy
1771597927866,1893456007527917,0.07,1,buy
1771597927866,1893456007527916,0.93,1,buy
1771597927896,1893456007527919,0.07,1,buy
1771597927896,1893456007527918,0.93,1,buy
1771597927918,1893456007527921,0.07,1,buy
1771597927918,1893456007527920,0.93,1,buy
1771597927950,1893456007527923,0.07,1,buy
1771597927950,1893456007527922,0.93,1,buy
1771597927997,1893456007527925,0.07,1,buy
1771597927997,1893456007527924,0.93,1,buy
1771597928076,1893456007527927,0.07,1,buy
1771597928076,1893456007527926,0.93,1,buy
1771597928098,1893456007527929,0.07,1,buy
1771597928098,1893456007527928,0.93,1,buy
1771597928102,1893456007527931,0.07,2,buy
1771597928102,1893456007527930,0.93,2,buy
1771597928126,1893456007527933,0.07,1,buy
1771597928126,1893456007527932,0.93,1,buy
1771597928153,1893456007527935,0.07,1,buy
1771597928153,1893456007527934,0.93,1,buy
1771597928178,1893456007527937,0.07,1,buy
1771597928178,1893456007527936,0.93,1,buy
1771597928240,1893456007527939,0.07,1,buy
1771597928240,1893456007527938,0.93,1,buy
1771597928268,1893456007527941,0.07,1,buy
1771597928268,1893456007527940,0.93,1,buy
1771597928296,1893456007527943,0.07,1,buy
1771597928296,1893456007527942,0.93,1,buy
1771597928328,1893456007527945,0.07,1,buy
1771597928328,1893456007527944,0.93,1,buy
1771597928354,1893456007527947,0.07,1,buy
1771597928354,1893456007527946,0.93,1,buy
1771597928376,1893456007527949,0.07,1,buy
1771597928376,1893456007527948,0.93,1,buy
1771597928406,1893456007527951,0.07,1,buy
1771597928406,1893456007527950,0.93,1,buy
1771597928427,1893456007527953,0.07,1,buy
1771597928427,1893456007527952,0.93,1,buy
1771597928450,1893456007527955,0.07,1,buy
1771597928450,1893456007527954,0.93,1,buy
1771597928489,1893456007527957,0.07,1,buy
1771597928489,1893456007527956,0.93,1,buy
1771597928513,1893456007527959,0.07,1,buy
1771597928513,1893456007527958,0.93,1,buy
1771597928729,1893456007527961,0.07,1,buy
1771597928729,1893456007527960,0.93,1,buy
1771597928766,1893456007527963,0.07,1,buy
1771597928766,1893456007527962,0.93,1,buy
1771597928796,1893456007527965,0.07,1,buy
1771597928796,1893456007527964,0.93,1,buy
1771597928826,1893456007527967,0.07,1,buy
1771597928826,1893456007527966,0.93,1,buy
1771597928858,1893456007527969,0.07,1,buy
1771597928858,1893456007527968,0.93,1,buy
1771597928891,1893456007527971,0.07,1,buy
1771597928891,1893456007527970,0.93,1,buy
1771597928926,1893456007527973,0.07,1,buy
1771597928926,1893456007527972,0.93,1,buy
1771597928948,1893456007527975,0.07,1,buy
1771597928948,1893456007527974,0.93,1,buy
1771597928976,1893456007527977,0.07,1,buy
1771597928976,1893456007527976,0.93,1,buy
1771597929006,1893456007527979,0.07,1,buy
1771597929006,1893456007527978,0.93,1,buy
1771597929046,1893456007527981,0.07,1,buy
1771597929046,1893456007527980,0.93,1,buy
1771597929086,1893456007527983,0.07,1,buy
1771597929086,1893456007527982,0.93,1,buy
1771597929115,1893456007527985,0.07,1,buy
1771597929115,1893456007527984,0.93,1,buy
1771598099237,1893456007528007,0.05,8,buy
1771598099237,1893456007528006,0.95,8,buy
1771598141337,1893456007528022,0.13,4,buy
1771598141337,1893456007528021,0.87,4,buy
1771598664520,1893456007528293,0.97,2,buy
1771598664520,1893456007528292,0.96,2,buy
1771598664520,1893456007528291,0.95,2,buy
1771598664520,1893456007528290,0.03,2,buy
1771598664520,1893456007528289,0.04,2,buy
1771598664520,1893456007528288,0.05,2,buy
