timestamp_ms,tid,price,amount,type
1772741336246,1893456007761983,0.24,25,buy
1772741336246,1893456007761982,0.76,20,buy
1772741336246,1893456007761981,0.76,5,buy
1772741336268,1893456007761985,0.24,200,buy
1772741336268,1893456007761984,0.76,200,buy
1772741336282,1893456007761989,0.25,5,buy
1772741336282,1893456007761988,0.24,43,buy
1772741336282,1893456007761987,0.75,5,buy
1772741336282,1893456007761986,0.76,43,buy
1772741337774,1893456007761991,0.26,5,buy
1772741337774,1893456007761990,0.74,5,buy
1772741337879,1893456007761993,0.27,5,buy
1772741337879,1893456007761992,0.73,5,buy
1772741338118,1893456007761997,0.28,5,buy
1772741338118,1893456007761996,0.72,5,buy
1772741407105,1893456007762077,0.32,3,buy
1772741407105,1893456007762076,0.31,25,buy
1772741407105,1893456007762075,0.68,3,buy
1772741407105,1893456007762074,0.69,25,buy
1772741564915,1893456007762115,0.3,47,buy
1772741564915,1893456007762114,0.29,25,buy
1772741564915,1893456007762113,0.7,22,buy
1772741564915,1893456007762112,0.7,25,buy
1772741564915,1893456007762111,0.71,25,buy
1772742086036,1893456007762163,0.42,20,buy
1772742086036,1893456007762162,0.58,20,buy
1772742263664,1893456007762208,0.55,469,buy
1772742263664,1893456007762207,0.45,444,buy
1772742263664,1893456007762206,0.45,25,buy
1772742263721,1893456007762210,0.45,444,buy
1772742263721,1893456007762209,0.55,444,buy
1772742263769,1893456007762212,0.45,444,buy
1772742263769,1893456007762211,0.55,444,buy
1772742263804,1893456007762214,0.45,25,buy
1772742263804,1893456007762213,0.55,25,buy
1772742263818,1893456007762216,0.45,444,buy
1772742263818,1893456007762215,0.55,444,buy
1772742263854,1893456007762218,0.45,444,buy
1772742263854,1893456007762217,0.55,444,buy
1772742263886,1893456007762220,0.45,444,buy
1772742263886,1893456007762219,0.55,444,buy
1772742263932,1893456007762222,0.45,444,buy
1772742263932,1893456007762221,0.55,444,buy
1772742263980,1893456007762224,0.45,175,buy
1772742263980,1893456007762223,0.55,175,buy
1772742339264,1893456007762242,0.37,25,buy
1772742339264,1893456007762241,0.37,25,sell
1772742666048,1893456007762284,0.44,20,buy
1772742666048,1893456007762283,0.44,20,sell
1772742812488,1893456007762306,0.46,10,buy
1772742812488,1893456007762305,0.54,10,buy
1772743331877,1893456007762382,0.39,50,buy
1772743331877,1893456007762381,0.38,140,buy
1772743331877,1893456007762380,0.37,384,buy
1772743331877,1893456007762379,0.36,25,buy
1772743331877,1893456007762378,0.35,25,buy
1772743331877,1893456007762377,0.61,25,buy
1772743331877,1893456007762376,0.61,25,buy
1772743331877,1893456007762375,0.62,90,buy
1772743331877,1893456007762374,0.62,25,buy
1772743331877,1893456007762373,0.62,25,buy
1772743331877,1893456007762372,0.63,317,buy
1772743331877,1893456007762371,0.63,42,buy
1772743331877,1893456007762370,0.63,25,buy
1772743331877,1893456007762369,0.64,25,buy
1772743331877,1893456007762368,0.65,25,buy
1772743331888,1893456007762386,0.61,42,buy
1772743331888,1893456007762385,0.39,42,buy
1772743331888,1893456007762384,0.61,90,buy
1772743331888,1893456007762383,0.39,90,buy
1772743331894,1893456007762390,0.61,42,buy
1772743331894,1893456007762389,0.39,42,buy
1772743331894,1893456007762388,0.61,90,buy
1772743331894,1893456007762387,0.39,90,buy
1772743331904,1893456007762394,0.61,22,buy
1772743331904,1893456007762393,0.39,22,buy
1772743331904,1893456007762392,0.61,90,buy
1772743331904,1893456007762391,0.39,90,buy
1772743351870,1893456007762400,0.38,25,buy
1772743351870,1893456007762399,0.62,25,buy
1772743351984,1893456007762402,0.62,25,buy
1772743351984,1893456007762401,0.38,25,buy
1772743371016,1893456007762404,0.35,25,buy
1772743371016,1893456007762403,0.65,25,buy
1772743373159,1893456007762406,0.36,25,buy
1772743373159,1893456007762405,0.64,25,buy
1772743373191,1893456007762408,0.64,25,buy
1772743373191,1893456007762407,0.36,25,buy
1772743373496,1893456007762410,0.37,25,buy
1772743373496,1893456007762409,0.63,25,buy
1772743373559,1893456007762412,0.63,25,buy
1772743373559,1893456007762411,0.37,25,buy
1772743374146,1893456007762414,0.38,25,buy
1772743374146,1893456007762413,0.62,25,buy
1772743374204,1893456007762416,0.62,25,buy
1772743374204,1893456007762415,0.38,25,buy
1772743374668,1893456007762418,0.39,25,buy
1772743374668,1893456007762417,0.61,25,buy
1772743374697,1893456007762420,0.61,25,buy
1772743374697,1893456007762419,0.39,25,buy
1772743374721,1893456007762422,0.61,25,buy
1772743374721,1893456007762421,0.39,25,buy
1772743374754,1893456007762424,0.61,25,buy
1772743374754,1893456007762423,0.39,25,buy
1772743374798,1893456007762426,0.39,25,buy
1772743374798,1893456007762425,0.61,25,buy
1772743385157,1893456007762428,0.66,25,buy
1772743385157,1893456007762427,0.34,25,buy
1772743402149,1893456007762432,0.3,25,buy
1772743402149,1893456007762431,0.7,25,buy
1772743419357,1893456007762438,0.29,25,buy
1772743419357,1893456007762437,0.71,25,buy
1772743419382,1893456007762440,0.71,25,buy
1772743419382,1893456007762439,0.29,25,buy
1772743419414,1893456007762442,0.71,25,buy
1772743419414,1893456007762441,0.29,25,buy
1772743422867,1893456007762444,0.3,25,buy
1772743422867,1893456007762443,0.7,25,buy
1772743422915,1893456007762446,0.7,25,buy
1772743422915,1893456007762445,0.3,25,buy
1772743422938,1893456007762448,0.7,25,buy
1772743422938,1893456007762447,0.3,25,buy
1772743422977,1893456007762450,0.7,25,buy
1772743422977,1893456007762449,0.3,25,buy
1772743469716,1893456007762454,0.28,25,buy
1772743469716,1893456007762453,0.72,25,buy
1772743471602,1893456007762456,0.29,25,buy
1772743471602,1893456007762455,0.71,25,buy
1772743471654,1893456007762458,0.71,25,buy
1772743471654,1893456007762457,0.29,25,buy
1772743491065,1893456007762460,0.23,25,buy
1772743491065,1893456007762459,0.77,25,buy
1772743491104,1893456007762462,0.77,25,buy
1772743491104,1893456007762461,0.23,25,buy
1772743491129,1893456007762464,0.77,25,buy
1772743491129,1893456007762463,0.23,25,buy
1772743491217,1893456007762466,0.24,25,buy
1772743491217,1893456007762465,0.76,25,buy
1772743491377,1893456007762468,0.24,25,buy
1772743491377,1893456007762467,0.76,25,buy
1772743491402,1893456007762470,0.76,25,buy
1772743491402,1893456007762469,0.24,25,buy
1772743491903,1893456007762472,0.25,25,buy
1772743491903,1893456007762471,0.75,25,buy
1772743491985,1893456007762474,0.75,25,buy
1772743491985,1893456007762473,0.25,25,buy
1772743492014,1893456007762476,0.75,25,buy
1772743492014,1893456007762475,0.25,25,buy
1772743501505,1893456007762482,0.71,25,buy
1772743501505,1893456007762481,0.29,25,buy
1772743541539,1893456007762506,0.27,25,buy
1772743541539,1893456007762505,0.73,25,buy
1772743559560,1893456007762510,0.81,25,buy
1772743559560,1893456007762509,0.19,25,buy
1772743560159,1893456007762512,0.2,25,buy
1772743560159,1893456007762511,0.8,25,buy
1772743560225,1893456007762514,0.8,25,buy
1772743560225,1893456007762513,0.2,25,buy
1772743566106,1893456007762516,0.24,25,buy
1772743566106,1893456007762515,0.76,25,buy
1772743688590,1893456007762532,0.19,25,buy
1772743688590,1893456007762531,0.18,25,buy
1772743688590,1893456007762530,0.81,25,buy
1772743688590,1893456007762529,0.82,25,buy
1772743688633,1893456007762536,0.81,25,buy
1772743688633,1893456007762535,0.19,25,buy
1772743688633,1893456007762534,0.81,25,buy
1772743688633,1893456007762533,0.19,25,buy
1772743688768,1893456007762538,0.19,25,buy
1772743688768,1893456007762537,0.81,25,buy
1772743688804,1893456007762540,0.81,25,buy
1772743688804,1893456007762539,0.19,25,buy
1772743958127,1893456007762593,0.98,509,buy
1772743958127,1893456007762592,0.02,509,buy
1772744293247,1893456007762639,0.46,106,buy
1772744293247,1893456007762638,0.45,100,buy
1772744293247,1893456007762637,0.54,106,buy
1772744293247,1893456007762636,0.55,100,buy
1772744350969,1893456007762647,0.6,72,sell
1772744350969,1893456007762646,0.6,72,buy
