timestamp_ms,tid,price,amount,type
1772777278537,1893456007771064,0.18,361,buy
1772777278537,1893456007771063,0.16,238,buy
1772777278537,1893456007771062,0.82,100,buy
1772777278537,1893456007771061,0.82,200,buy
1772777278537,1893456007771060,0.82,61,buy
1772777278537,1893456007771059,0.84,238,buy
1772777278555,1893456007771066,0.81,61,buy
1772777278555,1893456007771065,0.19,61,buy
1772777278566,1893456007771068,0.81,61,buy
1772777278566,1893456007771067,0.19,61,buy
1772777278576,1893456007771070,0.81,61,buy
1772777278576,1893456007771069,0.19,61,buy
1772777278585,1893456007771072,0.81,17,buy
1772777278585,1893456007771071,0.19,17,buy
1772778024047,1893456007771200,0.14,47,buy
1772778024047,1893456007771199,0.86,47,buy
1772778024056,1893456007771202,0.86,47,buy
1772778024056,1893456007771201,0.14,47,buy
1772778135886,1893456007771256,0.18,58,buy
1772778135886,1893456007771255,0.82,58,buy
1772778135892,1893456007771258,0.82,42,buy
1772778135892,1893456007771257,0.18,42,buy
1772778283484,1893456007771304,0.82,40,buy
1772778283484,1893456007771303,0.18,40,buy
1772778284949,1893456007771306,0.19,40,buy
1772778284949,1893456007771305,0.81,40,buy
1772778285000,1893456007771308,0.81,40,buy
1772778285000,1893456007771307,0.19,40,buy
1772778285087,1893456007771310,0.81,20,buy
1772778285087,1893456007771309,0.19,20,buy
1772778287327,1893456007771312,0.19,20,buy
1772778287327,1893456007771311,0.81,20,buy
1772778287476,1893456007771314,0.81,40,buy
1772778287476,1893456007771313,0.19,40,buy
1772778287607,1893456007771316,0.81,40,buy
1772778287607,1893456007771315,0.19,40,buy
1772778296376,1893456007771330,0.19,40,buy
1772778296376,1893456007771329,0.81,40,buy
1772778296506,1893456007771332,0.81,40,buy
1772778296506,1893456007771331,0.19,40,buy
1772778296627,1893456007771334,0.81,20,buy
1772778296627,1893456007771333,0.19,20,buy
1772778298561,1893456007771336,0.19,20,buy
1772778298561,1893456007771335,0.81,20,buy
1772778298706,1893456007771338,0.81,40,buy
1772778298706,1893456007771337,0.19,40,buy
1772778298823,1893456007771340,0.81,40,buy
1772778298823,1893456007771339,0.19,40,buy
1772779152170,1893456007771492,0.16,51,buy
1772779152170,1893456007771491,0.84,51,buy
1772779152183,1893456007771494,0.84,49,buy
1772779152183,1893456007771493,0.16,49,buy
1772779152255,1893456007771496,0.16,2,buy
1772779152255,1893456007771495,0.84,2,buy
1772779152267,1893456007771498,0.84,51,buy
1772779152267,1893456007771497,0.16,51,buy
1772779152272,1893456007771500,0.84,51,buy
1772779152272,1893456007771499,0.16,51,buy
1772779152276,1893456007771502,0.84,51,buy
1772779152276,1893456007771501,0.16,51,buy
1772779152286,1893456007771505,0.84,51,buy
1772779152286,1893456007771504,0.16,6,buy
1772779152286,1893456007771503,0.16,45,buy
1772779185385,1893456007771509,0.17,54,buy
1772779185385,1893456007771508,0.83,54,buy
1772779185402,1893456007771511,0.83,46,buy
1772779185402,1893456007771510,0.17,46,buy
1772779187109,1893456007771513,0.17,8,buy
1772779187109,1893456007771512,0.83,8,buy
1772779187122,1893456007771515,0.83,54,buy
1772779187122,1893456007771514,0.17,54,buy
1772779187135,1893456007771517,0.83,54,buy
1772779187135,1893456007771516,0.17,54,buy
1772779187153,1893456007771519,0.83,54,buy
1772779187153,1893456007771518,0.17,54,buy
1772779187348,1893456007771521,0.18,54,buy
1772779187348,1893456007771520,0.82,54,buy
1772779187362,1893456007771523,0.82,46,buy
1772779187362,1893456007771522,0.18,46,buy
1772779187396,1893456007771525,0.18,8,buy
1772779187396,1893456007771524,0.82,8,buy
1772779187406,1893456007771527,0.82,54,buy
1772779187406,1893456007771526,0.18,54,buy
1772779187416,1893456007771529,0.82,54,buy
1772779187416,1893456007771528,0.18,54,buy
1772779187426,1893456007771531,0.82,54,buy
1772779187426,1893456007771530,0.18,54,buy
1772779187431,1893456007771533,0.82,30,buy
1772779187431,1893456007771532,0.18,30,buy
1772779188541,1893456007771537,0.81,40,buy
1772779188541,1893456007771536,0.19,40,buy
1772779188541,1893456007771535,0.81,40,buy
1772779188541,1893456007771534,0.19,40,buy
1772779188600,1893456007771541,0.82,20,buy
1772779188600,1893456007771540,0.81,20,buy
1772779188600,1893456007771539,0.18,20,buy
1772779188600,1893456007771538,0.19,20,buy
1772779321553,1893456007771605,0.19,40,buy
1772779321553,1893456007771604,0.81,40,buy
1772779321596,1893456007771607,0.81,40,buy
1772779321596,1893456007771606,0.19,40,buy
1772779471935,1893456007771721,0.32,40,buy
1772779471935,1893456007771720,0.31,40,buy
1772779471935,1893456007771719,0.3,40,buy
1772779471935,1893456007771718,0.27,25,buy
1772779471935,1893456007771717,0.68,40,buy
1772779471935,1893456007771716,0.69,40,buy
1772779471935,1893456007771715,0.7,40,buy
1772779471935,1893456007771714,0.73,25,buy
1772779471996,1893456007771723,0.67,40,buy
1772779471996,1893456007771722,0.33,40,buy
1772779472021,1893456007771727,0.67,40,buy
1772779472021,1893456007771726,0.33,40,buy
1772779472021,1893456007771725,0.67,40,buy
1772779472021,1893456007771724,0.33,40,buy
1772779472066,1893456007771729,0.67,40,buy
1772779472066,1893456007771728,0.33,40,buy
1772779472089,1893456007771731,0.67,9,buy
1772779472089,1893456007771730,0.33,9,buy
1772779639387,1893456007771783,0.37,12,buy
1772779639387,1893456007771782,0.63,12,buy
1772779690854,1893456007771787,0.62,40,buy
1772779690854,1893456007771786,0.38,40,buy
1772779690926,1893456007771789,0.62,40,buy
1772779690926,1893456007771788,0.38,40,buy
1772779700433,1893456007771791,0.65,12,sell
1772779700433,1893456007771790,0.65,12,buy
1772779705526,1893456007771793,0.3,40,buy
1772779705526,1893456007771792,0.7,40,buy
1772779705626,1893456007771795,0.7,40,buy
1772779705626,1893456007771794,0.3,40,buy
1772779705747,1893456007771797,0.3,40,buy
1772779705747,1893456007771796,0.7,40,buy
1772779705772,1893456007771799,0.7,40,buy
1772779705772,1893456007771798,0.3,40,buy
1772779705831,1893456007771801,0.7,40,buy
1772779705831,1893456007771800,0.3,40,buy
1772779705838,1893456007771803,0.31,40,buy
1772779705838,1893456007771802,0.69,40,buy
1772779711346,1893456007771805,0.27,25,buy
1772779711346,1893456007771804,0.73,25,buy
1772779711953,1893456007771815,0.28,40,buy
1772779711953,1893456007771814,0.72,40,buy
1772779712126,1893456007771817,0.72,40,buy
1772779712126,1893456007771816,0.28,40,buy
1772779717556,1893456007771819,0.69,25,buy
1772779717556,1893456007771818,0.31,25,buy
1772779875354,1893456007771839,0.28,40,buy
1772779875354,1893456007771838,0.72,40,buy
1772779875396,1893456007771841,0.72,40,buy
1772779875396,1893456007771840,0.28,40,buy
1772779875439,1893456007771843,0.72,40,buy
1772779875439,1893456007771842,0.28,40,buy
1772779875476,1893456007771845,0.72,40,buy
1772779875476,1893456007771844,0.28,40,buy
1772779875517,1893456007771847,0.72,40,buy
1772779875517,1893456007771846,0.28,40,buy
1772779882136,1893456007771849,0.73,40,buy
1772779882136,1893456007771848,0.27,40,buy
1772779882888,1893456007771851,0.28,40,buy
1772779882888,1893456007771850,0.72,40,buy
1772779882931,1893456007771853,0.72,40,buy
1772779882931,1893456007771852,0.28,40,buy
1772779882949,1893456007771855,0.29,40,buy
1772779882949,1893456007771854,0.71,40,buy
1772779882978,1893456007771857,0.7,40,buy
1772779882978,1893456007771856,0.3,40,buy
1772779883016,1893456007771859,0.7,40,buy
1772779883016,1893456007771858,0.3,40,buy
1772779883057,1893456007771863,0.69,40,buy
1772779883057,1893456007771862,0.31,40,buy
1772779883057,1893456007771861,0.31,33,buy
1772779883057,1893456007771860,0.69,33,buy
1772779883061,1893456007771865,0.69,27,buy
1772779883061,1893456007771864,0.31,27,buy
1772779883096,1893456007771867,0.7,40,buy
1772779883096,1893456007771866,0.3,40,buy
1772779883136,1893456007771869,0.7,40,buy
1772779883136,1893456007771868,0.3,40,buy
1772779883166,1893456007771871,0.7,40,buy
1772779883166,1893456007771870,0.3,40,buy
