timestamp_ms,tid,price,amount,type
1771343499549,1893456007505963,0.53,100,buy
1771343499549,1893456007505962,0.47,100,buy
1771344135373,1893456007505995,0.52,50,buy
1771344135373,1893456007505994,0.48,50,buy
1771344271133,1893456007505999,0.52,20,buy
1771344271133,1893456007505998,0.48,20,buy
1771345230986,1893456007506071,0.59,75,buy
1771345230986,1893456007506070,0.41,75,buy
1771345233028,1893456007506073,0.46,10,buy
1771345233028,1893456007506072,0.54,10,buy
1771350452095,1893456007506431,0.5,407,buy
1771350452095,1893456007506430,0.5,407,buy
1771411066066,1893456007510727,0.46,50,buy
1771411066066,1893456007510726,0.54,50,buy
1771417972911,1893456007510894,0.54,5,buy
1771417972911,1893456007510893,0.46,5,buy
1771439513306,1893456007512425,0.54,10,sell
1771439513306,1893456007512424,0.54,10,buy
1771440391455,1893456007512535,0.59,10,sell
1771440391455,1893456007512534,0.59,10,buy
1771445056115,1893456007513520,0.59,20,sell
1771445056115,1893456007513519,0.59,20,buy
1771447849125,1893456007514001,0.57,10,sell
1771447849125,1893456007514000,0.57,10,buy
1771454590826,1893456007515100,0.57,18,sell
1771454590826,1893456007515099,0.57,18,buy
1771457258099,1893456007515468,0.58,20,sell
1771457258099,1893456007515467,0.58,20,buy
1771501570312,1893456007520100,0.55,142,sell
1771501570312,1893456007520099,0.55,142,buy
1771507634675,1893456007520269,0.62,2,buy
1771507634675,1893456007520268,0.38,1,buy
1771507634675,1893456007520267,0.38,1,buy
1771508620097,1893456007520355,0.64,1,buy
1771508620097,1893456007520354,0.36,1,buy
1771511736526,1893456007520571,0.36,529,buy
1771511736526,1893456007520570,0.64,529,buy
1771521479537,1893456007522097,0.4,529,sell
1771521479537,1893456007522096,0.4,529,buy
1771523944062,1893456007522339,0.4,1,buy
1771523944062,1893456007522338,0.6,1,buy
1771532015803,1893456007522921,0.56,17,buy
1771532015803,1893456007522920,0.44,17,buy
1771532022648,1893456007522927,0.5,17,sell
1771532022648,1893456007522926,0.5,17,buy
1771538354906,1893456007523285,0.49,19,buy
1771538354906,1893456007523284,0.51,19,buy
1771601064405,1893456007530159,0.46,10,buy
1771601064405,1893456007530158,0.54,10,buy
1771622807455,1893456007535901,0.56,10,sell
1771622807455,1893456007535900,0.56,10,buy
1771626489469,1893456007536317,0.64,151,buy
1771626489469,1893456007536316,0.36,151,buy
1771770592986,1893456007559011,0.58,1,buy
1771770592986,1893456007559010,0.42,1,buy
1771779019068,1893456007560822,0.58,10,buy
1771779019068,1893456007560821,0.42,10,buy
1771788743267,1893456007562809,0.48,5,buy
1771788743267,1893456007562808,0.52,5,buy
1771796903365,1893456007564538,0.46,3,sell
1771796903365,1893456007564537,0.46,3,buy
1771803053697,1893456007565625,0.48,576,buy
1771803053697,1893456007565624,0.52,576,buy
1771803055776,1893456007565627,0.52,576,buy
1771803055776,1893456007565626,0.48,576,buy
1771803057718,1893456007565629,0.52,576,buy
1771803057718,1893456007565628,0.48,576,buy
1771803059707,1893456007565631,0.52,272,buy
1771803059707,1893456007565630,0.48,272,buy
1771810737026,1893456007567603,0.83,361,sell
1771810737026,1893456007567602,0.83,361,buy
1771810742927,1893456007567607,0.83,361,buy
1771810742927,1893456007567606,0.83,361,sell
1771810744754,1893456007567609,0.83,361,buy
1771810744754,1893456007567608,0.83,361,sell
1771810746672,1893456007567613,0.83,361,buy
1771810746672,1893456007567612,0.83,361,sell
1771810750559,1893456007567615,0.83,361,buy
1771810750559,1893456007567614,0.83,361,sell
1771810759992,1893456007567617,0.83,195,buy
1771810759992,1893456007567616,0.83,195,sell
1771816719682,1893456007568403,0.11,20,buy
1771816719682,1893456007568402,0.89,20,buy
1771821632219,1893456007569073,0.95,40,buy
1771821632219,1893456007569072,0.05,40,buy
1771824393364,1893456007569303,0.1,47,buy
1771824393364,1893456007569302,0.9,47,buy
1771839673186,1893456007570789,0.25,1,buy
1771839673186,1893456007570788,0.75,1,buy
1771859272591,1893456007572858,0.12,198,buy
1771859272591,1893456007572857,0.88,198,buy
1771867367937,1893456007575740,0.04,312,buy
1771867367937,1893456007575739,0.96,312,buy
1771867712846,1893456007576086,0.04,190,buy
1771867712846,1893456007576085,0.96,190,buy
1771870310686,1893456007577477,0.05,19,buy
1771870310686,1893456007577476,0.95,19,buy
1771875189985,1893456007578386,0.03,31,buy
1771875189985,1893456007578385,0.97,31,buy
1771880848866,1893456007579296,0.03,158,buy
1771880848866,1893456007579295,0.97,158,buy
1771883035543,1893456007579586,0.03,31,buy
1771883035543,1893456007579585,0.97,31,buy
1771884217786,1893456007579716,0.03,63,buy
1771884217786,1893456007579715,0.97,63,buy
1771884521005,1893456007579756,0.03,31,buy
1771884521005,1893456007579755,0.03,31,sell
1771885486747,1893456007579890,0.03,126,buy
1771885486747,1893456007579889,0.03,126,sell
1771885561516,1893456007579907,0.03,311,buy
1771885561516,1893456007579906,0.97,1,buy
1771885561516,1893456007579905,0.97,309,buy
1771885561516,1893456007579904,0.03,1,sell
1771885595722,1893456007579911,0.04,238,buy
1771885595722,1893456007579910,0.96,238,buy
1771886349587,1893456007580244,0.03,299,buy
1771886349587,1893456007580243,0.97,299,buy
1771888851668,1893456007580883,0.03,10,buy
1771888851668,1893456007580882,0.97,10,buy
1771888853355,1893456007580885,0.97,90,buy
1771888853355,1893456007580884,0.03,90,buy
1771894258686,1893456007582288,0.03,158,buy
1771894258686,1893456007582287,0.97,158,buy
1771894430786,1893456007582344,0.03,61,buy
1771894430786,1893456007582343,0.97,61,buy
1771896253450,1893456007583024,0.97,10,buy
1771896253450,1893456007583023,0.03,10,buy
1771897189616,1893456007583205,0.03,309,buy
1771897189616,1893456007583204,0.97,309,buy
1771919014867,1893456007586383,0.02,238,buy
1771919014867,1893456007586382,0.98,38,buy
1771919014867,1893456007586381,0.98,200,buy
