timestamp_ms,tid,price,amount,type
1771985019118,1893456007599114,0.54,34,buy
1771985019118,1893456007599113,0.53,19,buy
1771985019118,1893456007599112,0.46,34,buy
1771985019118,1893456007599111,0.47,19,buy
1771985119614,1893456007599132,0.38,2,buy
1771985119614,1893456007599131,0.62,2,buy
1771985216984,1893456007599170,0.6,3,buy
1771985216984,1893456007599169,0.4,3,buy
1771985217565,1893456007599176,0.61,3,buy
1771985217565,1893456007599175,0.39,3,buy
1771985217605,1893456007599178,0.62,3,buy
1771985217605,1893456007599177,0.38,3,buy
1771985343089,1893456007599252,0.43,3,buy
1771985343089,1893456007599251,0.42,3,buy
1771985343089,1893456007599250,0.41,60,buy
1771985343089,1893456007599249,0.4,44,buy
1771985343089,1893456007599248,0.39,28,buy
1771985343089,1893456007599247,0.38,14,buy
1771985343089,1893456007599246,0.36,468,buy
1771985343089,1893456007599245,0.57,3,buy
1771985343089,1893456007599244,0.58,3,buy
1771985343089,1893456007599243,0.59,3,buy
1771985343089,1893456007599242,0.59,57,buy
1771985343089,1893456007599241,0.6,3,buy
1771985343089,1893456007599240,0.6,41,buy
1771985343089,1893456007599239,0.61,3,buy
1771985343089,1893456007599238,0.61,25,buy
1771985343089,1893456007599237,0.62,14,buy
1771985343089,1893456007599236,0.64,468,buy
1771985392986,1893456007599272,0.67,7,buy
1771985392986,1893456007599271,0.33,7,buy
1771985439855,1893456007599294,0.51,100,buy
1771985439855,1893456007599293,0.49,100,buy
1771985795098,1893456007599466,0.71,1,buy
1771985795098,1893456007599465,0.7,15,buy
1771985795098,1893456007599464,0.29,1,buy
1771985795098,1893456007599463,0.3,15,buy
1771985988263,1893456007599554,0.68,19,buy
1771985988263,1893456007599553,0.32,3,buy
1771985988263,1893456007599552,0.32,16,buy
1771985988304,1893456007599556,0.32,6,buy
1771985988304,1893456007599555,0.68,6,buy
1771986149904,1893456007599619,0.3,19,sell
1771986149904,1893456007599618,0.3,3,buy
1771986149904,1893456007599617,0.3,16,buy
1771986150054,1893456007599621,0.3,16,buy
1771986150054,1893456007599620,0.3,16,sell
1771986150079,1893456007599623,0.3,16,buy
1771986150079,1893456007599622,0.3,16,sell
1771986150104,1893456007599625,0.3,16,buy
1771986150104,1893456007599624,0.3,16,sell
1771986150137,1893456007599627,0.3,16,buy
1771986150137,1893456007599626,0.3,16,sell
1771986150166,1893456007599629,0.3,16,buy
1771986150166,1893456007599628,0.3,16,sell
1771986150206,1893456007599631,0.3,1,buy
1771986150206,1893456007599630,0.3,1,sell
1771986219636,1893456007599651,0.69,708,buy
1771986219636,1893456007599650,0.31,708,buy
1771986237606,1893456007599656,0.68,141,buy
1771986237606,1893456007599655,0.32,125,buy
1771986237606,1893456007599654,0.32,16,buy
1771986275617,1893456007599674,0.7,200,buy
1771986275617,1893456007599673,0.3,200,buy
1771986412257,1893456007599719,0.73,150,buy
1771986412257,1893456007599718,0.27,150,buy
1771986810975,1893456007599809,0.33,3,buy
1771986810975,1893456007599808,0.67,3,buy
1771986812188,1893456007599811,0.33,3,buy
1771986812188,1893456007599810,0.67,3,buy
1771986951196,1893456007599841,0.56,3,buy
1771986951196,1893456007599840,0.55,3,buy
1771986951196,1893456007599839,0.54,77,buy
1771986951196,1893456007599838,0.53,56,buy
1771986951196,1893456007599837,0.52,33,buy
1771986951196,1893456007599836,0.51,18,buy
1771986951196,1893456007599835,0.44,3,buy
1771986951196,1893456007599834,0.45,3,buy
1771986951196,1893456007599833,0.46,74,buy
1771986951196,1893456007599832,0.46,3,buy
1771986951196,1893456007599831,0.47,53,buy
1771986951196,1893456007599830,0.47,3,buy
1771986951196,1893456007599829,0.48,33,buy
1771986951196,1893456007599828,0.49,18,buy
1771986951211,1893456007599849,0.44,18,buy
1771986951211,1893456007599848,0.56,18,buy
1771986951211,1893456007599847,0.44,74,buy
1771986951211,1893456007599846,0.56,74,buy
1771986951211,1893456007599845,0.44,52,buy
1771986951211,1893456007599844,0.56,52,buy
1771986951211,1893456007599843,0.44,33,buy
1771986951211,1893456007599842,0.56,33,buy
1771986951244,1893456007599857,0.44,52,buy
1771986951244,1893456007599856,0.56,52,buy
1771986951244,1893456007599855,0.44,18,buy
1771986951244,1893456007599854,0.56,18,buy
1771986951244,1893456007599853,0.44,33,buy
1771986951244,1893456007599852,0.56,33,buy
1771986951244,1893456007599851,0.44,74,buy
1771986951244,1893456007599850,0.56,74,buy
1771986951271,1893456007599859,0.44,18,buy
1771986951271,1893456007599858,0.56,18,buy
1771986951274,1893456007599863,0.44,52,buy
1771986951274,1893456007599862,0.56,52,buy
1771986951274,1893456007599861,0.44,33,buy
1771986951274,1893456007599860,0.56,33,buy
1771986951304,1893456007599867,0.44,33,buy
1771986951304,1893456007599866,0.56,33,buy
1771986951304,1893456007599865,0.44,18,buy
1771986951304,1893456007599864,0.56,18,buy
1771986951451,1893456007599871,0.44,1,buy
1771986951451,1893456007599870,0.56,1,buy
1771986951451,1893456007599869,0.44,33,buy
1771986951451,1893456007599868,0.56,33,buy
1771986952314,1893456007599873,0.44,50,buy
1771986952314,1893456007599872,0.56,50,buy
1771986952446,1893456007599875,0.44,3,buy
1771986952446,1893456007599874,0.56,3,buy
1771986952536,1893456007599877,0.44,3,buy
1771986952536,1893456007599876,0.56,3,buy
1771986952632,1893456007599879,0.44,3,buy
1771986952632,1893456007599878,0.56,3,buy
1771986952730,1893456007599881,0.44,3,buy
1771986952730,1893456007599880,0.56,3,buy
1771986952833,1893456007599883,0.44,3,buy
1771986952833,1893456007599882,0.56,3,buy
1771986952944,1893456007599885,0.44,3,buy
1771986952944,1893456007599884,0.56,3,buy
1771986953964,1893456007599887,0.44,2,buy
1771986953964,1893456007599886,0.56,2,buy
1771986954668,1893456007599889,0.44,2,buy
1771986954668,1893456007599888,0.56,2,buy
1771986959978,1893456007599891,0.44,3,buy
1771986959978,1893456007599890,0.56,3,buy
1771986960115,1893456007599893,0.44,3,buy
1771986960115,1893456007599892,0.56,3,buy
1771986960223,1893456007599895,0.44,3,buy
1771986960223,1893456007599894,0.56,3,buy
1771986960344,1893456007599897,0.44,3,buy
1771986960344,1893456007599896,0.56,3,buy
1771986960444,1893456007599899,0.44,3,buy
1771986960444,1893456007599898,0.56,3,buy
1771986961645,1893456007599901,0.44,50,buy
1771986961645,1893456007599900,0.56,50,buy
1771986961876,1893456007599903,0.44,3,buy
1771986961876,1893456007599902,0.56,3,buy
1771986961973,1893456007599905,0.44,3,buy
1771986961973,1893456007599904,0.56,3,buy
1771986962056,1893456007599907,0.44,3,buy
1771986962056,1893456007599906,0.56,3,buy
1771986962132,1893456007599909,0.44,3,buy
1771986962132,1893456007599908,0.56,3,buy
1771986964246,1893456007599911,0.44,3,buy
1771986964246,1893456007599910,0.56,3,buy
1771986964345,1893456007599913,0.44,3,buy
1771986964345,1893456007599912,0.56,3,buy
1771986964445,1893456007599915,0.44,3,buy
1771986964445,1893456007599914,0.56,3,buy
1771986966756,1893456007599917,0.44,3,buy
1771986966756,1893456007599916,0.56,3,buy
1771986966843,1893456007599919,0.44,3,buy
1771986966843,1893456007599918,0.56,3,buy
1771986967855,1893456007599921,0.44,50,buy
1771986967855,1893456007599920,0.56,50,buy
1771986969896,1893456007599923,0.44,3,buy
1771986969896,1893456007599922,0.56,3,buy
1771986972904,1893456007599929,0.44,50,buy
1771986972904,1893456007599928,0.56,50,buy
1771986974047,1893456007599931,0.44,3,buy
1771986974047,1893456007599930,0.56,3,buy
1771986977312,1893456007599933,0.44,1,buy
1771986977312,1893456007599932,0.56,1,buy
1771986999876,1893456007599939,0.44,1,buy
1771986999876,1893456007599938,0.56,1,buy
1771987012247,1893456007599947,0.44,3,buy
1771987012247,1893456007599946,0.56,3,buy
1771987013797,1893456007599949,0.44,3,buy
1771987013797,1893456007599948,0.56,3,buy
1771987015324,1893456007599951,0.44,3,buy
1771987015324,1893456007599950,0.56,3,buy
1771987016397,1893456007599953,0.44,1,buy
1771987016397,1893456007599952,0.56,1,buy
1771987016832,1893456007599955,0.44,3,buy
1771987016832,1893456007599954,0.56,3,buy
1771987018911,1893456007599957,0.44,3,buy
1771987018911,1893456007599956,0.56,3,buy
1771987020388,1893456007599959,0.44,3,buy
1771987020388,1893456007599958,0.56,3,buy
1771987020485,1893456007599961,0.44,3,buy
1771987020485,1893456007599960,0.56,3,buy
1771987021237,1893456007599963,0.44,3,buy
1771987021237,1893456007599962,0.56,3,buy
1771987023394,1893456007599965,0.44,3,buy
1771987023394,1893456007599964,0.56,3,buy
1771987023494,1893456007599967,0.44,3,buy
1771987023494,1893456007599966,0.56,3,buy
1771987024155,1893456007599969,0.44,3,buy
1771987024155,1893456007599968,0.56,3,buy
1771987034465,1893456007599971,0.44,3,buy
1771987034465,1893456007599970,0.56,3,buy
1771987034560,1893456007599973,0.44,3,buy
1771987034560,1893456007599972,0.56,3,buy
1771987046805,1893456007599975,0.44,681,buy
1771987046805,1893456007599974,0.56,681,buy
1771987049786,1893456007599977,0.44,75,buy
1771987049786,1893456007599976,0.56,75,buy
1771987121517,1893456007599999,0.52,100,buy
1771987121517,1893456007599998,0.48,100,buy
1771987149057,1893456007600001,0.58,17,buy
1771987149057,1893456007600000,0.42,17,buy
1771987779797,1893456007600175,0.62,15,buy
1771987779797,1893456007600174,0.38,15,buy
1771987932339,1893456007600221,0.43,22,buy
1771987932339,1893456007600220,0.57,22,buy
1771987968796,1893456007600229,0.43,526,buy
1771987968796,1893456007600228,0.57,526,buy
1771987973887,1893456007600231,0.54,454,buy
1771987973887,1893456007600230,0.46,454,buy
1771987976422,1893456007600233,0.54,454,buy
1771987976422,1893456007600232,0.46,454,buy
1771987978594,1893456007600235,0.54,454,buy
1771987978594,1893456007600234,0.46,454,buy
