timestamp_ms,tid,price,amount,type
1768920337300,1893456007268241,0.44,200,buy
1768920337300,1893456007268240,0.56,200,buy
1768920337302,1893456007268245,0.45,400,buy
1768920337302,1893456007268244,0.55,400,buy
1768920337302,1893456007268243,0.44,692,buy
1768920337302,1893456007268242,0.56,692,buy
1768920337316,1893456007268249,0.45,100,buy
1768920337316,1893456007268248,0.55,100,buy
1768920338410,1893456007268257,0.45,100,buy
1768920338410,1893456007268256,0.55,100,buy
1768921885556,1893456007268613,0.51,100,buy
1768921885556,1893456007268612,0.49,100,buy
1768948431536,1893456007271539,0.64,100,buy
1768948431536,1893456007271538,0.36,100,buy
1768948434008,1893456007271562,0.64,100,buy
1768948434008,1893456007271561,0.36,100,buy
1768948458946,1893456007271687,0.66,200,buy
1768948458946,1893456007271686,0.65,300,buy
1768948458946,1893456007271685,0.64,100,buy
1768948458946,1893456007271684,0.34,200,buy
1768948458946,1893456007271683,0.35,100,buy
1768948458946,1893456007271682,0.35,200,buy
1768948458946,1893456007271681,0.36,100,buy
1768948459716,1893456007271693,0.34,100,buy
1768948459716,1893456007271692,0.66,100,buy
1768974648566,1893456007274201,0.52,100,buy
1768974648566,1893456007274200,0.48,100,buy
1768978180569,1893456007274326,0.46,10,buy
1768978180569,1893456007274325,0.54,10,buy
1768993429005,1893456007274918,0.42,30,buy
1768993429005,1893456007274917,0.58,30,buy
1769006465595,1893456007275648,0.46,100,buy
1769006465595,1893456007275647,0.54,100,buy
1769006465727,1893456007275650,0.54,100,buy
1769006465727,1893456007275649,0.46,100,buy
1769006466050,1893456007275652,0.54,100,buy
1769006466050,1893456007275651,0.46,100,buy
1769009909030,1893456007276143,0.49,29,buy
1769009909030,1893456007276142,0.51,29,buy
1769013468071,1893456007276514,0.63,100,buy
1769013468071,1893456007276513,0.37,100,buy
1769013596399,1893456007276532,0.37,100,buy
1769013596399,1893456007276531,0.63,100,buy
1769013678547,1893456007276556,0.33,100,buy
1769013678547,1893456007276555,0.67,100,buy
1769013762877,1893456007276576,0.33,100,buy
1769013762877,1893456007276575,0.67,100,buy
1769013787496,1893456007276588,0.33,100,buy
1769013787496,1893456007276587,0.67,100,buy
1769014043189,1893456007276709,0.32,100,buy
1769014043189,1893456007276708,0.68,100,buy
1769014071982,1893456007276735,0.32,200,buy
1769014071982,1893456007276734,0.68,200,buy
1769014072016,1893456007276737,0.32,100,buy
1769014072016,1893456007276736,0.68,100,buy
1769014072808,1893456007276745,0.32,100,buy
1769014072808,1893456007276744,0.68,100,buy
1769014990668,1893456007276980,0.27,100,buy
1769014990668,1893456007276979,0.73,100,buy
1769023663265,1893456007277719,0.34,100,buy
1769023663265,1893456007277718,0.66,100,buy
1769023682057,1893456007277789,0.36,100,buy
1769023682057,1893456007277788,0.64,100,buy
1769023684956,1893456007277813,0.36,100,buy
1769023684956,1893456007277812,0.64,100,buy
1769023693736,1893456007277823,0.36,100,buy
1769023693736,1893456007277822,0.64,100,buy
1769023702905,1893456007277865,0.37,100,buy
1769023702905,1893456007277864,0.63,100,buy
1769023709026,1893456007277909,0.37,100,buy
1769023709026,1893456007277908,0.63,100,buy
1769023722617,1893456007277917,0.37,100,buy
1769023722617,1893456007277916,0.63,100,buy
1769024119156,1893456007278108,0.43,100,buy
1769024119156,1893456007278107,0.57,100,buy
1769024141076,1893456007278124,0.44,100,buy
1769024141076,1893456007278123,0.56,100,buy
1769024150265,1893456007278132,0.56,100,buy
1769024150265,1893456007278131,0.44,100,buy
1769024183995,1893456007278140,0.56,100,buy
1769024183995,1893456007278139,0.44,100,buy
1769024318354,1893456007278214,0.55,100,buy
1769024318354,1893456007278213,0.45,100,buy
1769024332816,1893456007278226,0.55,100,buy
1769024332816,1893456007278225,0.45,100,buy
1769024336967,1893456007278230,0.55,100,buy
1769024336967,1893456007278229,0.45,100,buy
1769034648356,1893456007279202,0.46,1,buy
1769034648356,1893456007279201,0.54,1,buy
1769036697576,1893456007279365,0.58,25,buy
1769036697576,1893456007279364,0.42,25,buy
1769047658252,1893456007280274,0.54,100,buy
1769047658252,1893456007280273,0.46,100,buy
1769048237397,1893456007280334,0.52,100,buy
1769048237397,1893456007280333,0.48,100,buy
1769048758630,1893456007280362,0.49,100,buy
1769048758630,1893456007280361,0.51,100,buy
1769048862629,1893456007280396,0.51,100,buy
1769048862629,1893456007280395,0.49,100,buy
1769066106386,1893456007281311,0.45,100,buy
1769066106386,1893456007281310,0.55,100,buy
1769066136567,1893456007281313,0.45,100,buy
1769066136567,1893456007281312,0.55,100,buy
1769069818830,1893456007282262,0.42,100,buy
1769069818830,1893456007282261,0.58,100,buy
1769075536984,1893456007282525,0.44,100,buy
1769075536984,1893456007282524,0.56,100,buy
1769076108942,1893456007282535,0.57,100,buy
1769076108942,1893456007282534,0.43,100,buy
1769076858435,1893456007282578,0.43,100,buy
1769076858435,1893456007282577,0.57,100,buy
1769077041217,1893456007282584,0.43,100,buy
1769077041217,1893456007282583,0.57,100,buy
1769085513494,1893456007282973,0.55,100,buy
1769085513494,1893456007282972,0.45,100,buy
1769088823455,1893456007283097,0.56,1,buy
1769088823455,1893456007283096,0.44,1,buy
1769092684537,1893456007283359,0.64,100,buy
1769092684537,1893456007283358,0.36,100,buy
1769092706157,1893456007283373,0.36,100,buy
1769092706157,1893456007283372,0.64,100,buy
1769092715496,1893456007283395,0.36,100,buy
1769092715496,1893456007283394,0.64,100,buy
1769092722887,1893456007283407,0.36,200,buy
1769092722887,1893456007283406,0.64,200,buy
1769092724411,1893456007283409,0.36,100,buy
1769092724411,1893456007283408,0.64,100,buy
1769092736767,1893456007283427,0.36,100,buy
1769092736767,1893456007283426,0.64,100,buy
1769092758386,1893456007283477,0.37,19,buy
1769092758386,1893456007283476,0.36,81,buy
1769092758386,1893456007283475,0.63,19,buy
1769092758386,1893456007283474,0.64,81,buy
1769096857132,1893456007283837,0.35,100,buy
1769096857132,1893456007283836,0.65,100,buy
1769099007043,1893456007283993,0.31,10,buy
1769099007043,1893456007283992,0.69,10,buy
1769099580562,1893456007284038,0.69,100,buy
1769099580562,1893456007284037,0.31,100,buy
1769100521422,1893456007284136,0.34,100,buy
1769100521422,1893456007284135,0.66,100,buy
1769101950357,1893456007284217,0.65,100,buy
1769101950357,1893456007284216,0.35,100,buy
1769102480299,1893456007284239,0.64,100,buy
1769102480299,1893456007284238,0.36,100,buy
1769106419875,1893456007284537,0.38,100,buy
1769106419875,1893456007284536,0.62,100,buy
1769107349124,1893456007284631,0.6,100,buy
1769107349124,1893456007284630,0.4,100,buy
1769107680407,1893456007284651,0.61,100,buy
1769107680407,1893456007284650,0.39,100,buy
1769107682637,1893456007284655,0.61,100,buy
1769107682637,1893456007284654,0.39,100,buy
1769109027037,1893456007284733,0.36,100,buy
1769109027037,1893456007284732,0.64,100,buy
1769109036065,1893456007284737,0.36,100,buy
1769109036065,1893456007284736,0.64,100,buy
1769109855497,1893456007284787,0.36,100,buy
1769109855497,1893456007284786,0.64,100,buy
1769110892695,1893456007284909,0.42,100,buy
1769110892695,1893456007284908,0.58,100,buy
1769111225039,1893456007284947,0.58,100,buy
1769111225039,1893456007284946,0.42,100,buy
1769111258157,1893456007284949,0.58,100,buy
1769111258157,1893456007284948,0.42,100,buy
1769112461980,1893456007285029,0.41,100,buy
1769112461980,1893456007285028,0.59,100,buy
1769112784907,1893456007285055,0.45,124,buy
1769112784907,1893456007285054,0.44,100,buy
1769112784907,1893456007285053,0.55,124,buy
1769112784907,1893456007285052,0.56,100,buy
1769116183157,1893456007285236,0.38,100,buy
1769116183157,1893456007285235,0.62,100,buy
1769120005743,1893456007285469,0.64,100,buy
1769120005743,1893456007285468,0.36,100,buy
1769120005876,1893456007285473,0.36,100,buy
1769120005876,1893456007285472,0.64,100,buy
1769120006658,1893456007285475,0.36,100,buy
1769120006658,1893456007285474,0.64,100,buy
1769123337177,1893456007285616,0.67,100,buy
1769123337177,1893456007285615,0.33,100,buy
1769123340640,1893456007285618,0.33,100,buy
1769123340640,1893456007285617,0.67,100,buy
1769123404016,1893456007285628,0.33,100,buy
1769123404016,1893456007285627,0.67,100,buy
1769123727626,1893456007285660,0.33,100,buy
1769123727626,1893456007285659,0.67,100,buy
1769126591736,1893456007285964,0.63,100,buy
1769126591736,1893456007285963,0.37,100,buy
1769126644880,1893456007285976,0.37,100,buy
1769126644880,1893456007285975,0.63,100,buy
1769126732120,1893456007285988,0.63,100,buy
1769126732120,1893456007285987,0.37,100,buy
1769137660666,1893456007287364,0.38,100,buy
1769137660666,1893456007287363,0.62,100,buy
1769146274997,1893456007288318,0.36,100,buy
1769146274997,1893456007288317,0.64,100,buy
1769151891427,1893456007288439,0.34,100,buy
1769151891427,1893456007288438,0.66,100,buy
1769155401317,1893456007288690,0.36,100,buy
1769155401317,1893456007288689,0.64,100,buy
1769155435095,1893456007288698,0.64,100,buy
1769155435095,1893456007288697,0.36,100,buy
1769158110691,1893456007288784,0.69,100,buy
1769158110691,1893456007288783,0.31,100,buy
1769158118237,1893456007288786,0.31,100,buy
1769158118237,1893456007288785,0.69,100,buy
1769158200731,1893456007288788,0.7,100,buy
1769158200731,1893456007288787,0.3,100,buy
1769158213518,1893456007288790,0.3,100,buy
1769158213518,1893456007288789,0.7,100,buy
1769159388313,1893456007288814,0.69,100,buy
1769159388313,1893456007288813,0.31,100,buy
1769159404295,1893456007288818,0.7,100,buy
1769159404295,1893456007288817,0.3,100,buy
1769159505025,1893456007288826,0.7,100,buy
1769159505025,1893456007288825,0.3,100,buy
1769159527817,1893456007288828,0.3,100,buy
1769159527817,1893456007288827,0.7,100,buy
1769161410393,1893456007289030,0.72,100,buy
1769161410393,1893456007289029,0.28,100,buy
1769162625566,1893456007289074,0.74,100,buy
1769162625566,1893456007289073,0.26,100,buy
1769162847068,1893456007289076,0.75,100,buy
1769162847068,1893456007289075,0.25,100,buy
1769162886177,1893456007289080,0.25,100,buy
1769162886177,1893456007289079,0.75,100,buy
1769164323246,1893456007289110,0.73,100,buy
1769164323246,1893456007289109,0.27,100,buy
1769164328756,1893456007289112,0.73,100,buy
1769164328756,1893456007289111,0.27,100,buy
1769165231838,1893456007289128,0.74,100,buy
1769165231838,1893456007289127,0.26,100,buy
1769166676923,1893456007289172,0.27,100,buy
1769166676923,1893456007289171,0.73,100,buy
1769173283096,1893456007289254,0.71,100,buy
1769173283096,1893456007289253,0.29,100,buy
1769173995975,1893456007289258,0.31,100,buy
1769173995975,1893456007289257,0.69,100,buy
1769174221322,1893456007289262,0.69,100,buy
1769174221322,1893456007289261,0.31,100,buy
1769174269570,1893456007289264,0.69,100,buy
1769174269570,1893456007289263,0.31,100,buy
1769175244236,1893456007289270,0.7,100,buy
1769175244236,1893456007289269,0.3,100,buy
1769175994627,1893456007289318,0.3,100,buy
1769175994627,1893456007289317,0.7,100,buy
1769176033086,1893456007289320,0.3,100,buy
1769176033086,1893456007289319,0.7,100,buy
1769176063090,1893456007289324,0.3,100,buy
1769176063090,1893456007289323,0.7,100,buy
1769177041817,1893456007289368,0.29,100,buy
1769177041817,1893456007289367,0.71,100,buy
1769178771215,1893456007289519,0.7,100,buy
1769178771215,1893456007289518,0.3,100,buy
1769178809755,1893456007289539,0.71,100,buy
1769178809755,1893456007289538,0.29,100,buy
1769178906196,1893456007289555,0.26,100,buy
1769178906196,1893456007289554,0.74,100,buy
1769178944228,1893456007289559,0.75,100,buy
1769178944228,1893456007289558,0.25,100,buy
1769178947277,1893456007289561,0.25,100,buy
1769178947277,1893456007289560,0.75,100,buy
1769178992396,1893456007289565,0.24,100,buy
1769178992396,1893456007289564,0.76,100,buy
1769178997716,1893456007289567,0.24,100,buy
1769178997716,1893456007289566,0.76,100,buy
1769183470526,1893456007290031,0.33,100,buy
1769183470526,1893456007290030,0.67,100,buy
1769183526365,1893456007290078,0.34,300,buy
1769183526365,1893456007290077,0.66,200,buy
1769183526365,1893456007290076,0.66,100,buy
1769185390007,1893456007290342,0.35,141,buy
1769185390007,1893456007290341,0.65,141,buy
1769189163745,1893456007290723,0.46,100,buy
1769189163745,1893456007290722,0.54,100,buy
1769189168438,1893456007290756,0.47,100,buy
1769189168438,1893456007290755,0.53,100,buy
1769189170774,1893456007290764,0.47,100,buy
1769189170774,1893456007290763,0.53,100,buy
1769189177541,1893456007290792,0.47,100,buy
1769189177541,1893456007290791,0.53,100,buy
1769189278386,1893456007290822,0.51,100,buy
1769189278386,1893456007290821,0.49,100,buy
1769189432747,1893456007290869,0.49,100,buy
1769189432747,1893456007290868,0.51,100,buy
1769189436563,1893456007290887,0.49,100,buy
1769189436563,1893456007290886,0.51,100,buy
1769189906546,1893456007291022,0.45,100,buy
1769189906546,1893456007291021,0.55,100,buy
1769190393247,1893456007291145,0.48,100,buy
1769190393247,1893456007291144,0.52,100,buy
1769193256715,1893456007291347,0.52,100,buy
1769193256715,1893456007291346,0.48,100,buy
1769193874010,1893456007291405,0.51,3,buy
1769193874010,1893456007291404,0.49,3,buy
1769195850203,1893456007291567,0.64,100,buy
1769195850203,1893456007291566,0.36,100,buy
1769196989436,1893456007291750,0.65,100,buy
1769196989436,1893456007291749,0.35,100,buy
1769200511066,1893456007291986,0.29,100,buy
1769200511066,1893456007291985,0.71,100,buy
1769200729196,1893456007292010,0.28,100,buy
1769200729196,1893456007292009,0.72,100,buy
1769200800973,1893456007292022,0.28,100,buy
1769200800973,1893456007292021,0.72,100,buy
1769202220178,1893456007292099,0.3,100,buy
1769202220178,1893456007292098,0.7,100,buy
1769202231733,1893456007292101,0.3,100,buy
1769202231733,1893456007292100,0.7,100,buy
1769225334477,1893456007294042,0.36,66,buy
1769225334477,1893456007294041,0.64,66,buy
1769226184457,1893456007294111,0.35,100,buy
1769226184457,1893456007294110,0.65,100,buy
1769226208774,1893456007294113,0.65,100,buy
1769226208774,1893456007294112,0.35,100,buy
1769273610504,1893456007295943,0.26,100,buy
1769273610504,1893456007295942,0.74,100,buy
1769287950748,1893456007296794,0.29,1,buy
1769287950748,1893456007296793,0.71,1,buy
1769289844652,1893456007296977,0.28,68,buy
1769289844652,1893456007296976,0.72,68,buy
1769299596439,1893456007297823,0.26,100,buy
1769299596439,1893456007297822,0.74,100,buy
1769312408046,1893456007299940,0.22,100,buy
1769312408046,1893456007299939,0.78,100,buy
1769315805293,1893456007300723,0.26,100,buy
1769315805293,1893456007300722,0.74,100,buy
1769316166337,1893456007300797,0.74,100,buy
1769316166337,1893456007300796,0.26,100,buy
1769321632860,1893456007301614,0.23,103,buy
1769321632860,1893456007301613,0.77,103,buy
1769340545230,1893456007302292,0.19,100,buy
1769340545230,1893456007302291,0.81,100,buy
1769340725728,1893456007302294,0.19,100,buy
1769340725728,1893456007302293,0.81,100,buy
1769345593976,1893456007302434,0.25,19,buy
1769345593976,1893456007302433,0.75,19,buy
1769352761146,1893456007302825,0.19,100,buy
1769352761146,1893456007302824,0.81,100,buy
1769355927614,1893456007303144,0.24,2,buy
1769355927614,1893456007303143,0.76,2,buy
1769356929990,1893456007303491,0.84,100,buy
1769356929990,1893456007303490,0.16,100,buy
1769368835885,1893456007306651,0.93,100,buy
1769368835885,1893456007306650,0.07,100,buy
1769391396306,1893456007314926,0.11,1,buy
1769391396306,1893456007314925,0.89,1,buy
1769414939975,1893456007318403,0.1,300,buy
1769414939975,1893456007318402,0.9,100,buy
1769414939975,1893456007318401,0.9,200,buy
1769414953611,1893456007318407,0.9,100,buy
1769414953611,1893456007318406,0.1,100,buy
1769415004996,1893456007318411,0.9,100,buy
1769415004996,1893456007318410,0.1,100,buy
1769415034987,1893456007318413,0.9,100,buy
1769415034987,1893456007318412,0.1,100,buy
1769415064917,1893456007318419,0.9,100,buy
1769415064917,1893456007318418,0.1,100,buy
1769415284346,1893456007318423,0.91,100,buy
1769415284346,1893456007318422,0.09,100,buy
1769416392444,1893456007318547,0.9,100,buy
1769416392444,1893456007318546,0.1,100,buy
1769416425147,1893456007318551,0.9,100,buy
1769416425147,1893456007318550,0.1,100,buy
1769416665321,1893456007318565,0.9,100,buy
1769416665321,1893456007318564,0.1,100,buy
1769416695357,1893456007318567,0.9,100,buy
1769416695357,1893456007318566,0.1,100,buy
1769428199727,1893456007318753,0.94,100,buy
1769428199727,1893456007318752,0.06,100,buy
1769431123467,1893456007318865,0.94,100,buy
1769431123467,1893456007318864,0.06,100,buy
1769431176584,1893456007318869,0.07,50,buy
1769431176584,1893456007318868,0.93,50,buy
1769432397500,1893456007318930,0.07,136,buy
1769432397500,1893456007318929,0.93,136,buy
1769441089937,1893456007319896,0.11,87,buy
1769441089937,1893456007319895,0.89,87,buy
1769441761236,1893456007319995,0.07,1,sell
1769441761236,1893456007319994,0.07,1,buy
1769441849355,1893456007319997,0.09,53,buy
1769441849355,1893456007319996,0.91,53,buy
1769441947006,1893456007320003,0.93,1,buy
1769441947006,1893456007320002,0.07,1,buy
1769441964997,1893456007320005,0.92,100,buy
1769441964997,1893456007320004,0.08,100,buy
1769442046002,1893456007320029,0.94,100,buy
1769442046002,1893456007320028,0.06,100,buy
1769454320289,1893456007321190,0.95,100,buy
1769454320289,1893456007321189,0.05,100,buy
1769455311726,1893456007321236,0.06,313,buy
1769455311726,1893456007321235,0.05,100,buy
1769455311726,1893456007321234,0.94,113,buy
1769455311726,1893456007321233,0.94,200,buy
1769455311726,1893456007321232,0.95,100,buy
1769458540699,1893456007321513,0.04,186,buy
1769458540699,1893456007321512,0.96,186,buy
1769466008862,1893456007322468,0.03,31,buy
1769466008862,1893456007322467,0.97,31,buy
1769474717097,1893456007323753,0.03,15,buy
1769474717097,1893456007323752,0.97,15,buy
1769475955997,1893456007323855,0.98,10,buy
1769475955997,1893456007323854,0.02,10,buy
1769487578109,1893456007325695,0.99,70,buy
1769487578109,1893456007325694,0.01,20,buy
1769487578109,1893456007325693,0.01,50,buy
1769490877877,1893456007326020,0.98,100,buy
1769490877877,1893456007326019,0.02,100,buy
1769490907907,1893456007326022,0.98,100,buy
1769490907907,1893456007326021,0.02,100,buy
1769491716626,1893456007326059,0.03,317,buy
1769491716626,1893456007326058,0.97,317,buy
1769495789177,1893456007326198,0.03,815,buy
1769495789177,1893456007326197,0.97,100,buy
1769495789177,1893456007326196,0.97,200,buy
1769495789177,1893456007326195,0.97,515,buy
1769495789526,1893456007326200,0.97,515,buy
1769495789526,1893456007326199,0.03,515,buy
1769495791495,1893456007326202,0.97,515,buy
1769495791495,1893456007326201,0.03,515,buy
1769495793487,1893456007326204,0.97,155,buy
1769495793487,1893456007326203,0.03,155,buy
