timestamp_ms,tid,price,amount,type
1772237155658,1893456007656698,0.3,35,buy
1772237155658,1893456007656697,0.7,35,buy
1772237155665,1893456007656700,0.7,37,buy
1772237155665,1893456007656699,0.3,37,buy
1772237155704,1893456007656704,0.7,37,buy
1772237155704,1893456007656703,0.3,37,buy
1772237314165,1893456007656736,0.74,200,buy
1772237314165,1893456007656735,0.26,200,buy
1772237314189,1893456007656738,0.26,205,buy
1772237314189,1893456007656737,0.74,205,buy
1772237355366,1893456007656748,0.24,394,buy
1772237355366,1893456007656747,0.76,394,buy
1772237355406,1893456007656751,0.76,394,buy
1772237355406,1893456007656750,0.24,388,buy
1772237355406,1893456007656749,0.24,6,buy
1772237355434,1893456007656755,0.76,194,buy
1772237355434,1893456007656754,0.75,200,buy
1772237355434,1893456007656753,0.24,194,buy
1772237355434,1893456007656752,0.25,200,buy
1772237873654,1893456007656886,0.21,200,buy
1772237873654,1893456007656885,0.79,200,buy
1772237873664,1893456007656888,0.21,179,buy
1772237873664,1893456007656887,0.79,179,buy
1772237873695,1893456007656890,0.79,221,buy
1772237873695,1893456007656889,0.21,221,buy
1772237877252,1893456007656892,0.21,158,buy
1772237877252,1893456007656891,0.79,158,buy
1772238140495,1893456007656938,0.24,1,buy
1772238140495,1893456007656937,0.76,1,buy
1772238295358,1893456007656985,0.16,47,buy
1772238295358,1893456007656984,0.84,47,buy
1772238295652,1893456007656990,0.2,25,buy
1772238295652,1893456007656989,0.19,15,buy
1772238295652,1893456007656988,0.8,10,buy
1772238295652,1893456007656987,0.8,15,buy
1772238295652,1893456007656986,0.81,15,buy
1772238295734,1893456007656992,0.8,10,buy
1772238295734,1893456007656991,0.2,10,buy
1772238366657,1893456007657000,0.22,200,buy
1772238366657,1893456007656999,0.78,200,buy
1772238447836,1893456007657036,0.69,1,buy
1772238447836,1893456007657035,0.31,1,buy
1772238454126,1893456007657054,0.44,15,buy
1772238454126,1893456007657053,0.43,15,buy
1772238454126,1893456007657052,0.56,15,buy
1772238454126,1893456007657051,0.57,15,buy
1772238454189,1893456007657071,0.47,31,buy
1772238454189,1893456007657070,0.46,115,buy
1772238454189,1893456007657069,0.45,54,buy
1772238454189,1893456007657068,0.53,16,buy
1772238454189,1893456007657067,0.53,15,buy
1772238454189,1893456007657066,0.54,100,buy
1772238454189,1893456007657065,0.54,15,buy
1772238454189,1893456007657064,0.55,53,buy
1772238454189,1893456007657063,0.45,1,sell
1772238454197,1893456007657075,0.48,55,buy
1772238454197,1893456007657074,0.47,145,buy
1772238454197,1893456007657073,0.52,55,buy
1772238454197,1893456007657072,0.53,145,buy
1772238454198,1893456007657079,0.56,10,buy
1772238454198,1893456007657078,0.44,10,buy
1772238454198,1893456007657077,0.56,15,buy
1772238454198,1893456007657076,0.44,15,buy
1772238455493,1893456007657109,0.51,61,buy
1772238455493,1893456007657108,0.49,61,buy
1772238455540,1893456007657111,0.51,61,buy
1772238455540,1893456007657110,0.49,61,buy
1772238455604,1893456007657113,0.51,15,buy
1772238455604,1893456007657112,0.49,15,buy
1772238459167,1893456007657120,0.52,25,buy
1772238459167,1893456007657119,0.51,19,buy
1772238459167,1893456007657118,0.48,10,buy
1772238459167,1893456007657117,0.48,15,buy
1772238459167,1893456007657116,0.49,19,buy
1772238512621,1893456007657143,0.47,39,buy
1772238512621,1893456007657142,0.53,39,buy
1772238564297,1893456007657156,0.58,25,buy
1772238564297,1893456007657155,0.42,10,buy
1772238564297,1893456007657154,0.42,15,buy
1772238564306,1893456007657159,0.59,80,buy
1772238564306,1893456007657158,0.41,65,buy
1772238564306,1893456007657157,0.41,15,buy
1772238564333,1893456007657161,0.41,15,buy
1772238564333,1893456007657160,0.59,15,buy
1772238582301,1893456007657164,0.6,25,buy
1772238582301,1893456007657163,0.4,10,buy
1772238582301,1893456007657162,0.4,15,buy
1772238582369,1893456007657166,0.4,15,buy
1772238582369,1893456007657165,0.6,15,buy
1772238582474,1893456007657168,0.4,10,buy
1772238582474,1893456007657167,0.6,10,buy
1772238582595,1893456007657170,0.4,10,buy
1772238582595,1893456007657169,0.6,10,buy
1772238582701,1893456007657172,0.4,10,buy
1772238582701,1893456007657171,0.6,10,buy
1772238582819,1893456007657174,0.4,10,buy
1772238582819,1893456007657173,0.6,10,buy
1772238582890,1893456007657176,0.4,10,buy
1772238582890,1893456007657175,0.6,10,buy
1772238596596,1893456007657184,0.62,54,buy
1772238596596,1893456007657183,0.61,25,buy
1772238596596,1893456007657182,0.38,39,buy
1772238596596,1893456007657181,0.38,15,buy
1772238596596,1893456007657180,0.39,10,buy
1772238596596,1893456007657179,0.39,15,buy
1772238704997,1893456007657192,0.56,10,buy
1772238704997,1893456007657191,0.44,10,buy
1772238720564,1893456007657198,0.6,10,buy
1772238720564,1893456007657197,0.4,10,buy
1772238762325,1893456007657207,0.65,25,buy
1772238762325,1893456007657206,0.35,10,buy
1772238762325,1893456007657205,0.35,15,buy
1772238762382,1893456007657209,0.35,15,buy
1772238762382,1893456007657208,0.65,15,buy
1772238762414,1893456007657211,0.35,10,buy
1772238762414,1893456007657210,0.65,10,buy
1772238762460,1893456007657213,0.35,15,buy
1772238762460,1893456007657212,0.65,15,buy
1772238762525,1893456007657215,0.35,10,buy
1772238762525,1893456007657214,0.65,10,buy
1772238801395,1893456007657223,0.68,79,buy
1772238801395,1893456007657222,0.68,79,sell
1772238916206,1893456007657243,0.71,15,buy
1772238916206,1893456007657242,0.29,15,buy
1772238948356,1893456007657245,0.29,1,buy
1772238948356,1893456007657244,0.71,1,buy
1772239290526,1893456007657296,0.87,50,buy
1772239290526,1893456007657295,0.13,50,buy
1772239293789,1893456007657300,0.87,50,buy
1772239293789,1893456007657299,0.13,50,buy
1772239826125,1893456007657571,0.02,158,buy
1772239826125,1893456007657570,0.98,158,buy
