timestamp_ms,tid,price,amount,type
1772863646280,1893456007795507,0.91,29,buy
1772863646280,1893456007795506,0.09,29,buy
1772863965680,1893456007795616,0.89,25,buy
1772863965680,1893456007795615,0.11,25,buy
1772864050098,1893456007795620,0.9,47,buy
1772864050098,1893456007795619,0.1,47,buy
1772864432544,1893456007795634,0.81,42,buy
1772864432544,1893456007795633,0.19,42,buy
1772864432697,1893456007795636,0.81,10,buy
1772864432697,1893456007795635,0.19,10,buy
1772864433193,1893456007795638,0.84,47,buy
1772864433193,1893456007795637,0.16,47,buy
1772864925606,1893456007795648,0.8,42,buy
1772864925606,1893456007795647,0.2,42,buy
1772864926027,1893456007795650,0.8,47,buy
1772864926027,1893456007795649,0.2,47,buy
1772864926386,1893456007795652,0.79,2,buy
1772864926386,1893456007795651,0.21,2,buy
1772864926616,1893456007795654,0.79,47,buy
1772864926616,1893456007795653,0.21,47,buy
1772864927176,1893456007795656,0.79,47,buy
1772864927176,1893456007795655,0.21,47,buy
1772864927607,1893456007795659,0.79,42,buy
1772864927607,1893456007795658,0.21,38,buy
1772864927607,1893456007795657,0.21,4,buy
1772864928127,1893456007795661,0.8,47,buy
1772864928127,1893456007795660,0.2,47,buy
1772864928583,1893456007795663,0.8,47,buy
1772864928583,1893456007795662,0.2,47,buy
1772864929227,1893456007795665,0.8,47,buy
1772864929227,1893456007795664,0.2,47,buy
1772864929809,1893456007795670,0.8,47,buy
1772864929809,1893456007795669,0.2,47,buy
1772864930217,1893456007795672,0.8,42,buy
1772864930217,1893456007795671,0.2,42,buy
1772864941771,1893456007795674,0.77,2,sell
1772864941771,1893456007795673,0.77,2,buy
1772864974463,1893456007795683,0.23,100,buy
1772864974463,1893456007795682,0.77,100,buy
1772865291726,1893456007795736,0.24,177,buy
1772865291726,1893456007795735,0.2,23,buy
1772865291726,1893456007795734,0.76,177,buy
1772865291726,1893456007795733,0.8,23,buy
1772865291727,1893456007795738,0.24,86,buy
1772865291727,1893456007795737,0.76,86,buy
1772865291908,1893456007795740,0.8,30,buy
1772865291908,1893456007795739,0.2,30,buy
1772865291914,1893456007795742,0.8,30,buy
1772865291914,1893456007795741,0.2,30,buy
1772865291945,1893456007795744,0.8,30,buy
1772865291945,1893456007795743,0.2,30,buy
1772865291982,1893456007795746,0.8,10,buy
1772865291982,1893456007795745,0.2,10,buy
1772865292445,1893456007795748,0.2,20,buy
1772865292445,1893456007795747,0.8,20,buy
1772865292599,1893456007795750,0.8,30,buy
1772865292599,1893456007795749,0.2,30,buy
1772865292634,1893456007795752,0.8,30,buy
1772865292634,1893456007795751,0.2,30,buy
1772865300434,1893456007795756,0.8,30,buy
1772865300434,1893456007795755,0.2,30,buy
1772865300466,1893456007795758,0.8,30,buy
1772865300466,1893456007795757,0.2,30,buy
1772865300524,1893456007795760,0.8,30,buy
1772865300524,1893456007795759,0.2,30,buy
1772865300565,1893456007795762,0.8,10,buy
1772865300565,1893456007795761,0.2,10,buy
1772865300947,1893456007795764,0.19,20,buy
1772865300947,1893456007795763,0.81,20,buy
1772865300992,1893456007795766,0.8,30,buy
1772865300992,1893456007795765,0.2,30,buy
1772865300994,1893456007795768,0.21,30,buy
1772865300994,1893456007795767,0.79,30,buy
1772865301057,1893456007795770,0.8,30,buy
1772865301057,1893456007795769,0.2,30,buy
1772865301097,1893456007795772,0.21,30,buy
1772865301097,1893456007795771,0.79,30,buy
1772865301214,1893456007795774,0.79,30,buy
1772865301214,1893456007795773,0.21,30,buy
1772865301274,1893456007795776,0.79,30,buy
1772865301274,1893456007795775,0.21,30,buy
1772865301334,1893456007795779,0.79,30,buy
1772865301334,1893456007795778,0.21,20,buy
1772865301334,1893456007795777,0.21,10,buy
1772865337084,1893456007795789,0.8,30,buy
1772865337084,1893456007795788,0.2,30,buy
1772865337167,1893456007795793,0.8,30,buy
1772865337167,1893456007795792,0.2,30,buy
1772865337167,1893456007795791,0.8,30,buy
1772865337167,1893456007795790,0.2,30,buy
1772865337203,1893456007795795,0.8,10,buy
1772865337203,1893456007795794,0.2,10,buy
1772866254803,1893456007795849,0.2,30,buy
1772866254803,1893456007795848,0.8,30,buy
1772866254934,1893456007795851,0.2,30,buy
1772866254934,1893456007795850,0.8,30,buy
1772866258883,1893456007795854,0.2,30,buy
1772866258883,1893456007795853,0.8,28,buy
1772866258883,1893456007795852,0.8,2,buy
1772866258922,1893456007795856,0.2,30,buy
1772866258922,1893456007795855,0.8,30,buy
1772866258982,1893456007795858,0.2,4,buy
1772866258982,1893456007795857,0.8,4,buy
1772866300443,1893456007795862,0.8,30,buy
1772866300443,1893456007795861,0.2,30,buy
1772866300490,1893456007795864,0.8,30,buy
1772866300490,1893456007795863,0.2,30,buy
1772866300521,1893456007795866,0.8,30,buy
1772866300521,1893456007795865,0.2,30,buy
1772866302716,1893456007795868,0.8,100,buy
1772866302716,1893456007795867,0.2,100,buy
1772866302736,1893456007795870,0.8,200,buy
1772866302736,1893456007795869,0.2,200,buy
1772866302802,1893456007795872,0.8,30,buy
1772866302802,1893456007795871,0.2,30,buy
1772866303195,1893456007795874,0.8,30,buy
1772866303195,1893456007795873,0.2,30,buy
1772866303257,1893456007795876,0.8,30,buy
1772866303257,1893456007795875,0.2,30,buy
1772866303265,1893456007795878,0.8,30,buy
1772866303265,1893456007795877,0.2,30,buy
1772866303314,1893456007795880,0.8,30,buy
1772866303314,1893456007795879,0.2,30,buy
1772866303374,1893456007795882,0.8,30,buy
1772866303374,1893456007795881,0.2,30,buy
1772866303404,1893456007795884,0.8,30,buy
1772866303404,1893456007795883,0.2,30,buy
1772866311356,1893456007795886,0.21,30,buy
1772866311356,1893456007795885,0.79,30,buy
1772866324937,1893456007795890,0.23,30,buy
1772866324937,1893456007795889,0.22,30,buy
1772866324937,1893456007795888,0.77,30,buy
1772866324937,1893456007795887,0.78,30,buy
1772866324974,1893456007795892,0.77,30,buy
1772866324974,1893456007795891,0.23,30,buy
1772866325004,1893456007795894,0.77,10,buy
1772866325004,1893456007795893,0.23,10,buy
1772866325046,1893456007795898,0.24,30,buy
1772866325046,1893456007795897,0.23,20,buy
1772866325046,1893456007795896,0.76,30,buy
1772866325046,1893456007795895,0.77,20,buy
1772866345370,1893456007795900,0.8,30,buy
1772866345370,1893456007795899,0.2,30,buy
1772866392324,1893456007795925,0.56,30,buy
1772866392324,1893456007795924,0.44,30,buy
1772866392324,1893456007795923,0.56,30,buy
1772866392324,1893456007795922,0.44,30,buy
1772866392325,1893456007795927,0.56,30,buy
1772866392325,1893456007795926,0.44,30,buy
1772866393219,1893456007795929,0.56,47,buy
1772866393219,1893456007795928,0.44,47,buy
1772866398227,1893456007795931,0.65,12,buy
1772866398227,1893456007795930,0.35,12,buy
1772866399396,1893456007795937,0.42,30,buy
1772866399396,1893456007795936,0.41,30,buy
1772866399396,1893456007795935,0.58,30,buy
1772866399396,1893456007795934,0.59,30,buy
1772866399459,1893456007795939,0.41,30,buy
1772866399459,1893456007795938,0.59,30,buy
1772866399597,1893456007795941,0.42,30,buy
1772866399597,1893456007795940,0.58,30,buy
1772866399650,1893456007795943,0.58,30,buy
1772866399650,1893456007795942,0.42,30,buy
1772866399663,1893456007795945,0.43,30,buy
1772866399663,1893456007795944,0.57,30,buy
1772866399715,1893456007795947,0.58,30,buy
1772866399715,1893456007795946,0.42,30,buy
1772866402929,1893456007795949,0.47,30,buy
1772866402929,1893456007795948,0.53,30,buy
1772866403387,1893456007795951,0.52,30,buy
1772866403387,1893456007795950,0.48,30,buy
1772866403407,1893456007795953,0.53,30,buy
1772866403407,1893456007795952,0.47,30,buy
1772866403434,1893456007795955,0.47,30,buy
1772866403434,1893456007795954,0.53,30,buy
1772866406362,1893456007795957,0.6,30,buy
1772866406362,1893456007795956,0.4,30,buy
1772866406404,1893456007795959,0.4,30,buy
1772866406404,1893456007795958,0.6,30,buy
1772866406464,1893456007795961,0.61,30,buy
1772866406464,1893456007795960,0.39,30,buy
1772866416390,1893456007795967,0.5,30,buy
1772866416390,1893456007795966,0.49,30,buy
1772866416390,1893456007795965,0.48,30,buy
1772866416390,1893456007795964,0.5,30,buy
1772866416390,1893456007795963,0.51,30,buy
1772866416390,1893456007795962,0.52,30,buy
1772866417459,1893456007795973,0.5,30,buy
1772866417459,1893456007795972,0.49,30,buy
1772866417459,1893456007795971,0.48,30,buy
1772866417459,1893456007795970,0.5,30,buy
1772866417459,1893456007795969,0.51,30,buy
1772866417459,1893456007795968,0.52,30,buy
1772866422299,1893456007795975,0.6,30,buy
1772866422299,1893456007795974,0.4,30,buy
1772866422366,1893456007795977,0.61,30,buy
1772866422366,1893456007795976,0.39,30,buy
1772866435895,1893456007795981,0.63,30,buy
1772866435895,1893456007795980,0.37,30,buy
1772866435968,1893456007795983,0.65,30,buy
1772866435968,1893456007795982,0.35,30,buy
1772866439827,1893456007795985,0.37,2,buy
1772866439827,1893456007795984,0.63,2,buy
1772866441037,1893456007795988,0.66,190,buy
1772866441037,1893456007795987,0.34,90,buy
1772866441037,1893456007795986,0.34,100,buy
1772866491294,1893456007795994,0.33,30,buy
1772866491294,1893456007795993,0.67,30,buy
1772866491422,1893456007795996,0.68,30,buy
1772866491422,1893456007795995,0.32,30,buy
1772866503288,1893456007796004,0.77,30,buy
1772866503288,1893456007796003,0.23,30,buy
1772866503351,1893456007796006,0.23,30,buy
1772866503351,1893456007796005,0.77,30,buy
1772866503394,1893456007796008,0.23,30,buy
1772866503394,1893456007796007,0.77,30,buy
1772866503424,1893456007796010,0.23,10,buy
1772866503424,1893456007796009,0.77,10,buy
1772866521024,1893456007796014,0.32,30,buy
1772866521024,1893456007796013,0.68,30,buy
1772866521025,1893456007796018,0.32,30,buy
1772866521025,1893456007796017,0.68,30,buy
1772866521025,1893456007796016,0.32,30,buy
1772866521025,1893456007796015,0.68,30,buy
1772866522287,1893456007796020,0.72,30,buy
1772866522287,1893456007796019,0.28,30,buy
1772866571574,1893456007796026,0.44,100,buy
1772866571574,1893456007796025,0.56,100,buy
1772866571579,1893456007796028,0.44,100,buy
1772866571579,1893456007796027,0.56,100,buy
1772866585647,1893456007796030,0.58,30,buy
1772866585647,1893456007796029,0.42,30,buy
1772866585690,1893456007796032,0.34,30,buy
1772866585690,1893456007796031,0.66,30,buy
1772866585694,1893456007796036,0.31,30,buy
1772866585694,1893456007796035,0.69,30,buy
1772866585694,1893456007796034,0.31,30,buy
1772866585694,1893456007796033,0.69,30,buy
1772866631129,1893456007796040,0.33,190,sell
1772866631129,1893456007796039,0.33,190,buy
1772866726045,1893456007796044,0.8,4,buy
1772866726045,1893456007796043,0.2,4,buy
1772866727604,1893456007796046,0.8,1,buy
1772866727604,1893456007796045,0.2,1,buy
1772866735156,1893456007796050,0.8,2,buy
1772866735156,1893456007796049,0.2,2,buy
1772866735659,1893456007796052,0.8,2,buy
1772866735659,1893456007796051,0.2,2,buy
1772866735805,1893456007796054,0.8,1,buy
1772866735805,1893456007796053,0.2,1,buy
