timestamp_ms,tid,price,amount,type
1772874439363,1893456007797007,0.17,240,buy
1772874844349,1893456007797032,0.34,588,buy
1772874844377,1893456007797034,0.34,412,buy
1772875062977,1893456007797042,0.56,17,buy
1772875409350,1893456007797044,0.33,17,sell
1772876320157,1893456007797077,0.55,30,buy
1772876320187,1893456007797079,0.55,30,sell
1772876320209,1893456007797081,0.55,30,sell
1772876320222,1893456007797083,0.56,100,buy
1772876320357,1893456007797085,0.56,100,buy
1772876320806,1893456007797087,0.56,100,buy
1772876325001,1893456007797089,0.56,30,buy
1772876325054,1893456007797091,0.56,30,buy
1772876325108,1893456007797093,0.56,30,buy
1772876325152,1893456007797095,0.56,30,buy
1772876325203,1893456007797097,0.56,30,buy
1772876325269,1893456007797099,0.56,30,buy
1772876325301,1893456007797101,0.56,30,buy
1772876325324,1893456007797103,0.56,30,buy
1772876325344,1893456007797105,0.56,30,buy
1772876325374,1893456007797107,0.56,30,buy
1772876325404,1893456007797109,0.56,30,buy
1772876325434,1893456007797111,0.56,30,buy
1772876325474,1893456007797113,0.56,30,buy
1772876325507,1893456007797115,0.56,30,buy
1772876325529,1893456007797117,0.56,30,buy
1772876325561,1893456007797119,0.56,30,buy
1772876325604,1893456007797121,0.56,30,buy
1772876325652,1893456007797123,0.56,30,buy
1772876325693,1893456007797125,0.56,30,buy
1772876326104,1893456007797127,0.56,30,buy
1772876326149,1893456007797129,0.56,30,buy
1772876326206,1893456007797131,0.56,30,buy
1772876326251,1893456007797133,0.56,30,buy
1772876326304,1893456007797135,0.56,30,buy
1772876326358,1893456007797137,0.56,30,buy
1772876326565,1893456007797139,0.56,30,buy
1772876326620,1893456007797141,0.56,30,buy
1772876326642,1893456007797143,0.56,30,buy
1772876326676,1893456007797145,0.56,30,buy
1772876326712,1893456007797147,0.56,30,buy
1772876326761,1893456007797149,0.56,30,buy
1772876326951,1893456007797151,0.56,30,buy
1772876326984,1893456007797153,0.56,30,buy
1772876327005,1893456007797155,0.56,30,buy
1772876327044,1893456007797157,0.56,30,buy
1772876327070,1893456007797159,0.56,30,buy
1772876327104,1893456007797161,0.56,30,buy
1772876327139,1893456007797163,0.56,30,buy
1772876328786,1893456007797165,0.56,100,buy
1772876330745,1893456007797167,0.56,100,buy
1772876330749,1893456007797169,0.56,200,buy
1772876332459,1893456007797173,0.56,30,buy
1772876332477,1893456007797175,0.56,30,buy
1772876332496,1893456007797177,0.56,200,buy
1772876332506,1893456007797179,0.56,100,buy
1772876332510,1893456007797181,0.56,30,buy
1772876332530,1893456007797183,0.56,30,buy
1772876332547,1893456007797185,0.56,100,buy
1772876332554,1893456007797187,0.56,30,buy
1772876332594,1893456007797189,0.56,30,buy
1772876332643,1893456007797191,0.56,30,buy
1772876332674,1893456007797193,0.56,30,buy
1772876332709,1893456007797195,0.56,30,buy
1772876332742,1893456007797197,0.56,30,buy
1772876334249,1893456007797199,0.55,30,sell
1772876334274,1893456007797201,0.55,30,buy
1772876334294,1893456007797203,0.55,30,buy
1772876334315,1893456007797205,0.55,10,buy
1772876352177,1893456007797207,0.49,30,sell
1772876352198,1893456007797209,0.49,30,buy
1772876352225,1893456007797211,0.49,30,buy
1772876352264,1893456007797213,0.49,30,buy
1772876352311,1893456007797215,0.49,30,buy
1772876516918,1893456007797217,0.38,100,sell
1772876846914,1893456007797225,0.45,15,sell
1772876892680,1893456007797230,0.56,70,buy
1772876892680,1893456007797229,0.55,30,buy
1772876892756,1893456007797234,0.56,170,buy
1772876892756,1893456007797233,0.55,30,buy
1772876892776,1893456007797237,0.56,200,buy
1772876892806,1893456007797239,0.56,300,buy
1772876892826,1893456007797241,0.56,100,buy
1772876892963,1893456007797243,0.56,100,buy
1772876893814,1893456007797271,0.56,300,buy
1772876893845,1893456007797273,0.56,100,buy
1772876894154,1893456007797277,0.56,30,buy
1772876894154,1893456007797275,0.56,30,buy
1772876894192,1893456007797283,0.56,30,buy
1772876894192,1893456007797281,0.56,30,buy
1772876894192,1893456007797279,0.56,30,buy
1772876894224,1893456007797289,0.56,30,buy
1772876894224,1893456007797287,0.56,30,buy
1772876894224,1893456007797285,0.56,30,buy
1772876894251,1893456007797291,0.56,30,buy
1772876894268,1893456007797295,0.56,30,buy
1772876894268,1893456007797293,0.56,30,buy
1772876894290,1893456007797297,0.56,30,buy
1772876894314,1893456007797299,0.56,30,buy
1772876894344,1893456007797301,0.56,30,buy
1772876894364,1893456007797303,0.56,30,buy
1772876894414,1893456007797305,0.56,30,buy
1772876894452,1893456007797307,0.56,30,buy
1772876894500,1893456007797309,0.56,30,buy
1772876894540,1893456007797311,0.56,7,buy
1772876898864,1893456007797313,0.65,30,buy
1772876898915,1893456007797315,0.65,30,buy
1772876898948,1893456007797317,0.65,30,buy
1772876898970,1893456007797319,0.65,10,buy
1772876899680,1893456007797321,0.66,30,buy
1772876899740,1893456007797323,0.66,30,buy
1772876899774,1893456007797325,0.66,30,buy
1772876899794,1893456007797327,0.66,10,buy
1772876899894,1893456007797329,0.65,20,sell
1772876899915,1893456007797331,0.65,30,buy
1772876899948,1893456007797333,0.65,30,buy
1772876899964,1893456007797335,0.65,20,buy
1772876902110,1893456007797337,0.66,30,buy
1772876902384,1893456007797339,0.66,30,buy
1772876902441,1893456007797341,0.66,30,buy
1772876902528,1893456007797343,0.66,30,buy
1772876909549,1893456007797345,0.63,50,buy
1772876911854,1893456007797347,0.6,17,buy
1772876933228,1893456007797351,0.57,30,sell
1772876933256,1893456007797353,0.56,30,sell
1772876933258,1893456007797355,0.55,30,sell
1772876933263,1893456007797357,0.55,30,buy
1772876933298,1893456007797359,0.52,30,buy
1772876933316,1893456007797363,0.52,30,buy
1772876933316,1893456007797361,0.52,30,buy
1772876933384,1893456007797365,0.51,30,buy
1772876933401,1893456007797369,0.5,30,buy
1772876933401,1893456007797367,0.5,30,buy
1772876933464,1893456007797371,0.51,30,buy
1772876934194,1893456007797373,0.51,30,buy
1772876934214,1893456007797375,0.51,30,buy
1772876934249,1893456007797377,0.51,30,buy
1772876934272,1893456007797379,0.51,10,buy
1772876934844,1893456007797382,0.5,30,sell
1772876934844,1893456007797381,0.51,20,sell
1772876934869,1893456007797385,0.49,30,sell
1772876934894,1893456007797387,0.49,30,buy
1772876934924,1893456007797391,0.49,10,buy
1772876934924,1893456007797389,0.49,30,buy
1772876934966,1893456007797393,0.49,20,sell
1772876935002,1893456007797395,0.48,30,buy
1772876935023,1893456007797397,0.49,30,buy
1772876935166,1893456007797399,0.48,30,sell
1772876935204,1893456007797401,0.48,30,buy
1772876935264,1893456007797404,0.47,30,sell
1772876935264,1893456007797403,0.48,30,sell
1772876935292,1893456007797407,0.47,30,buy
1772877060957,1893456007797409,0.54,30,sell
1772877060989,1893456007797411,0.53,30,sell
1772877061011,1893456007797413,0.53,30,buy
1772877061545,1893456007797415,0.52,30,sell
1772877061576,1893456007797417,0.52,30,buy
1772877061614,1893456007797419,0.52,30,buy
1772877061638,1893456007797421,0.52,10,buy
1772877103434,1893456007797423,0.52,30,sell
1772877103487,1893456007797425,0.52,30,buy
1772877103516,1893456007797427,0.51,30,sell
1772877103533,1893456007797429,0.51,30,buy
1772877103553,1893456007797431,0.51,30,buy
1772877103586,1893456007797433,0.51,10,buy
1772877151180,1893456007797435,0.57,9,buy
1772877183717,1893456007797437,0.64,30,sell
1772877183764,1893456007797439,0.64,30,buy
1772877183795,1893456007797441,0.64,30,buy
1772877183838,1893456007797443,0.64,10,buy
1772877183839,1893456007797445,0.65,20,sell
1772877205157,1893456007797447,0.65,30,buy
1772877205175,1893456007797449,0.65,30,buy
1772877205212,1893456007797451,0.65,30,buy
1772877205233,1893456007797454,0.65,20,buy
1772877205233,1893456007797453,0.65,10,buy
1772877207790,1893456007797457,0.64,30,sell
1772877207790,1893456007797456,0.65,30,sell
1772877207840,1893456007797460,0.64,30,buy
1772877207864,1893456007797462,0.64,30,buy
1772877221204,1893456007797467,0.71,30,buy
1772877221238,1893456007797469,0.71,30,buy
1772877221260,1893456007797471,0.71,30,buy
1772877221288,1893456007797473,0.71,30,buy
1772877221307,1893456007797476,0.69,30,sell
1772877221307,1893456007797475,0.7,30,sell
1772877221312,1893456007797479,0.68,30,buy
1772877221343,1893456007797481,0.69,30,buy
1772877221359,1893456007797485,0.68,30,buy
1772877221359,1893456007797483,0.68,30,buy
1772877221430,1893456007797487,0.69,30,buy
1772877221446,1893456007797489,0.69,30,buy
1772877221563,1893456007797491,0.7,30,buy
1772877221574,1893456007797493,0.69,30,buy
1772877221953,1893456007797495,0.69,30,sell
1772877221977,1893456007797497,0.69,30,buy
1772877222010,1893456007797499,0.69,30,buy
1772877222041,1893456007797501,0.69,10,buy
1772877222200,1893456007797504,0.68,30,sell
1772877222200,1893456007797503,0.69,20,sell
1772877231617,1893456007797507,0.68,30,sell
1772877231641,1893456007797509,0.68,30,buy
1772877231665,1893456007797511,0.68,30,buy
1772877231687,1893456007797513,0.68,10,buy
1772877232136,1893456007797515,0.68,20,sell
1772877232186,1893456007797518,0.67,30,sell
1772877232186,1893456007797517,0.68,30,sell
1772877232214,1893456007797521,0.67,30,buy
1772877232234,1893456007797523,0.67,30,buy
1772877232372,1893456007797525,0.67,30,sell
1772877232418,1893456007797527,0.67,30,buy
1772877232462,1893456007797529,0.67,30,buy
1772877232494,1893456007797531,0.67,10,buy
1772877232846,1893456007797533,0.68,14,buy
1772877278568,1893456007797535,0.66,30,sell
1772877278587,1893456007797537,0.66,30,buy
1772877278603,1893456007797539,0.65,30,sell
1772877278604,1893456007797541,0.64,30,sell
1772877278608,1893456007797543,0.64,30,buy
1772877278628,1893456007797545,0.64,30,buy
1772877278646,1893456007797549,0.64,30,buy
1772877278646,1893456007797547,0.64,30,buy
1772877278719,1893456007797553,0.62,30,buy
1772877278719,1893456007797551,0.62,30,buy
1772877278720,1893456007797555,0.62,30,buy
1772877300507,1893456007797557,0.43,30,buy
1772877300525,1893456007797559,0.44,30,sell
1772877300561,1893456007797561,0.44,30,sell
1772877300612,1893456007797563,0.44,30,sell
1772877300639,1893456007797565,0.45,30,buy
1772877300665,1893456007797567,0.46,30,sell
1772877300684,1893456007797569,0.46,30,sell
1772877300707,1893456007797571,0.45,30,buy
1772877311974,1893456007797574,0.56,30,buy
1772877311974,1893456007797573,0.55,30,buy
1772877311977,1893456007797577,0.57,30,buy
1772877311995,1893456007797579,0.57,30,sell
1772877312011,1893456007797583,0.57,10,sell
1772877312011,1893456007797581,0.57,30,sell
1772877332260,1893456007797585,0.74,7,buy
1772877332440,1893456007797587,0.74,30,buy
1772877332462,1893456007797589,0.74,30,buy
1772877332528,1893456007797591,0.74,30,buy
1772877332548,1893456007797593,0.74,3,buy
1772877337179,1893456007797595,0.74,30,sell
1772877337213,1893456007797597,0.74,30,buy
1772877337235,1893456007797599,0.74,30,buy
1772877337268,1893456007797601,0.74,10,buy
1772877337294,1893456007797603,0.74,20,sell
1772877337313,1893456007797605,0.74,30,buy
1772877337376,1893456007797608,0.73,30,sell
1772877337376,1893456007797607,0.74,30,sell
1772877339108,1893456007797611,0.75,30,buy
1772877339133,1893456007797613,0.75,30,buy
1772877339152,1893456007797615,0.75,30,buy
1772877339186,1893456007797617,0.75,10,buy
1772877339224,1893456007797619,0.76,30,buy
1772877339487,1893456007797621,0.75,20,sell
1772877339510,1893456007797623,0.75,30,buy
1772877339519,1893456007797625,0.74,30,sell
1772877339534,1893456007797627,0.74,30,buy
1772877339562,1893456007797629,0.73,30,buy
1772877339584,1893456007797631,0.73,30,buy
1772877339603,1893456007797633,0.73,30,buy
1772877339634,1893456007797636,0.74,20,buy
1772877339634,1893456007797635,0.73,10,buy
1772877339657,1893456007797639,0.74,30,buy
1772877339684,1893456007797641,0.74,30,buy
1772877339741,1893456007797643,0.74,30,buy
1772877437516,1893456007797645,0.85,58,buy
1772877468697,1893456007797647,0.84,1,buy
1772877498094,1893456007797649,0.84,7,sell
