timestamp_ms,tid,price,amount,type
1773005538137,1893456007838561,0.53,5,buy
1773005538137,1893456007838560,0.47,5,buy
1773005598632,1893456007838565,0.48,19,buy
1773005598632,1893456007838564,0.52,19,buy
1773005603108,1893456007838569,0.58,4,buy
1773005603108,1893456007838568,0.42,4,buy
1773005684705,1893456007838588,0.66,5,buy
1773005684705,1893456007838587,0.34,5,buy
1773005977193,1893456007838612,0.43,9,buy
1773005977193,1893456007838611,0.57,9,buy
1773005977204,1893456007838614,0.57,9,buy
1773005977204,1893456007838613,0.43,9,buy
1773005977214,1893456007838616,0.57,9,buy
1773005977214,1893456007838615,0.43,9,buy
1773005977232,1893456007838618,0.57,9,buy
1773005977232,1893456007838617,0.43,9,buy
1773005977244,1893456007838620,0.57,9,buy
1773005977244,1893456007838619,0.43,9,buy
1773005977254,1893456007838622,0.57,9,buy
1773005977254,1893456007838621,0.43,9,buy
1773005977259,1893456007838624,0.57,9,buy
1773005977259,1893456007838623,0.43,9,buy
1773005977264,1893456007838626,0.57,9,buy
1773005977264,1893456007838625,0.43,9,buy
1773005977268,1893456007838628,0.57,9,buy
1773005977268,1893456007838627,0.43,9,buy
1773005977272,1893456007838630,0.57,9,buy
1773005977272,1893456007838629,0.43,9,buy
1773005977284,1893456007838632,0.57,9,buy
1773005977284,1893456007838631,0.43,9,buy
1773005977304,1893456007838634,0.57,1,buy
1773005977304,1893456007838633,0.43,1,buy
1773006035253,1893456007838644,0.6,80,buy
1773006035253,1893456007838643,0.4,80,buy
1773006072593,1893456007838650,0.54,25,buy
1773006072593,1893456007838649,0.53,11,buy
1773006072593,1893456007838648,0.46,25,buy
1773006072593,1893456007838647,0.47,11,buy
1773006072603,1893456007838654,0.46,11,buy
1773006072603,1893456007838653,0.54,11,buy
1773006072603,1893456007838652,0.46,25,buy
1773006072603,1893456007838651,0.54,25,buy
1773006072615,1893456007838658,0.46,11,buy
1773006072615,1893456007838657,0.54,11,buy
1773006072615,1893456007838656,0.46,25,buy
1773006072615,1893456007838655,0.54,25,buy
1773006072625,1893456007838660,0.46,11,buy
1773006072625,1893456007838659,0.54,11,buy
1773006089356,1893456007838662,0.38,8,buy
1773006089356,1893456007838661,0.62,8,buy
1773006089360,1893456007838664,0.62,8,buy
1773006089360,1893456007838663,0.38,8,buy
1773006089364,1893456007838666,0.62,8,buy
1773006089364,1893456007838665,0.38,8,buy
1773006089402,1893456007838668,0.38,8,buy
1773006089402,1893456007838667,0.62,8,buy
1773006089414,1893456007838670,0.62,8,buy
1773006089414,1893456007838669,0.38,8,buy
1773006089424,1893456007838672,0.62,8,buy
1773006089424,1893456007838671,0.38,8,buy
1773006089434,1893456007838674,0.62,8,buy
1773006089434,1893456007838673,0.38,8,buy
1773006089444,1893456007838676,0.62,8,buy
1773006089444,1893456007838675,0.38,8,buy
1773006089454,1893456007838678,0.62,8,buy
1773006089454,1893456007838677,0.38,8,buy
1773006089464,1893456007838680,0.62,8,buy
1773006089464,1893456007838679,0.38,8,buy
1773006089474,1893456007838682,0.62,8,buy
1773006089474,1893456007838681,0.38,8,buy
1773006089477,1893456007838684,0.39,18,buy
1773006089477,1893456007838683,0.61,18,buy
1773006089485,1893456007838686,0.61,8,buy
1773006089485,1893456007838685,0.39,8,buy
1773006089490,1893456007838688,0.61,8,buy
1773006089490,1893456007838687,0.39,8,buy
1773006089494,1893456007838690,0.61,8,buy
1773006089494,1893456007838689,0.39,8,buy
1773006089500,1893456007838692,0.61,8,buy
1773006089500,1893456007838691,0.39,8,buy
1773006089687,1893456007838694,0.39,8,buy
1773006089687,1893456007838693,0.61,8,buy
1773006124706,1893456007838700,0.82,75,buy
1773006124706,1893456007838699,0.18,75,buy
1773006126959,1893456007838702,0.82,63,buy
1773006126959,1893456007838701,0.18,63,buy
1773006132497,1893456007838704,0.19,7,buy
1773006132497,1893456007838703,0.81,7,buy
1773006132587,1893456007838706,0.2,7,buy
1773006132587,1893456007838705,0.8,7,buy
1773006132594,1893456007838708,0.8,7,buy
1773006132594,1893456007838707,0.2,7,buy
1773006132604,1893456007838710,0.8,7,buy
1773006132604,1893456007838709,0.2,7,buy
1773006132621,1893456007838712,0.8,7,buy
1773006132621,1893456007838711,0.2,7,buy
1773006132633,1893456007838714,0.8,7,buy
1773006132633,1893456007838713,0.2,7,buy
1773006132643,1893456007838716,0.8,7,buy
1773006132643,1893456007838715,0.2,7,buy
1773006132647,1893456007838722,0.22,24,buy
1773006132647,1893456007838721,0.21,14,buy
1773006132647,1893456007838720,0.78,24,buy
1773006132647,1893456007838719,0.79,14,buy
1773006132647,1893456007838718,0.8,7,buy
1773006132647,1893456007838717,0.2,7,buy
1773006132651,1893456007838728,0.78,14,buy
1773006132651,1893456007838727,0.22,14,buy
1773006132651,1893456007838726,0.78,7,buy
1773006132651,1893456007838725,0.22,7,buy
1773006132651,1893456007838724,0.78,24,buy
1773006132651,1893456007838723,0.22,24,buy
1773006132657,1893456007838730,0.23,36,buy
1773006132657,1893456007838729,0.77,36,buy
1773006132663,1893456007838738,0.74,24,buy
1773006132663,1893456007838737,0.26,24,buy
1773006132663,1893456007838736,0.74,14,buy
1773006132663,1893456007838735,0.26,14,buy
1773006132663,1893456007838734,0.74,7,buy
1773006132663,1893456007838733,0.26,7,buy
1773006132663,1893456007838732,0.74,36,buy
1773006132663,1893456007838731,0.26,36,buy
1773006132671,1893456007838742,0.76,17,buy
1773006132671,1893456007838741,0.74,19,buy
1773006132671,1893456007838740,0.24,17,buy
1773006132671,1893456007838739,0.26,19,buy
1773006132672,1893456007838748,0.76,24,buy
1773006132672,1893456007838747,0.24,24,buy
1773006132672,1893456007838746,0.76,14,buy
1773006132672,1893456007838745,0.24,14,buy
1773006132672,1893456007838744,0.76,7,buy
1773006132672,1893456007838743,0.24,7,buy
1773006132685,1893456007838752,0.75,14,buy
1773006132685,1893456007838751,0.25,14,buy
1773006132685,1893456007838750,0.75,7,buy
1773006132685,1893456007838749,0.25,7,buy
1773006132703,1893456007838756,0.75,7,buy
1773006132703,1893456007838755,0.25,7,buy
1773006132703,1893456007838754,0.75,14,buy
1773006132703,1893456007838753,0.25,14,buy
1773006132714,1893456007838760,0.75,7,buy
1773006132714,1893456007838759,0.25,7,buy
1773006132714,1893456007838758,0.75,14,buy
1773006132714,1893456007838757,0.25,14,buy
1773006132723,1893456007838762,0.26,24,buy
1773006132723,1893456007838761,0.74,24,buy
1773006132724,1893456007838766,0.75,7,buy
1773006132724,1893456007838765,0.25,7,buy
1773006132724,1893456007838764,0.75,14,buy
1773006132724,1893456007838763,0.25,14,buy
1773006132734,1893456007838770,0.75,7,buy
1773006132734,1893456007838769,0.25,7,buy
1773006132734,1893456007838768,0.75,14,buy
1773006132734,1893456007838767,0.25,14,buy
1773006132744,1893456007838774,0.75,7,buy
1773006132744,1893456007838773,0.25,7,buy
1773006132744,1893456007838772,0.75,14,buy
1773006132744,1893456007838771,0.25,14,buy
1773006132754,1893456007838778,0.75,7,buy
1773006132754,1893456007838777,0.25,7,buy
1773006132754,1893456007838776,0.75,14,buy
1773006132754,1893456007838775,0.25,14,buy
1773006132765,1893456007838780,0.75,7,buy
1773006132765,1893456007838779,0.25,7,buy
1773006132774,1893456007838782,0.75,7,buy
1773006132774,1893456007838781,0.25,7,buy
1773006132784,1893456007838784,0.75,7,buy
1773006132784,1893456007838783,0.25,7,buy
1773006132794,1893456007838788,0.75,7,buy
1773006132794,1893456007838787,0.25,7,buy
1773006132794,1893456007838786,0.26,14,buy
1773006132794,1893456007838785,0.74,14,buy
1773006132798,1893456007838790,0.75,7,buy
1773006132798,1893456007838789,0.25,7,buy
1773006132804,1893456007838792,0.75,7,buy
1773006132804,1893456007838791,0.25,7,buy
1773006132806,1893456007838794,0.26,14,buy
1773006132806,1893456007838793,0.74,14,buy
1773006132827,1893456007838796,0.26,14,buy
1773006132827,1893456007838795,0.74,14,buy
1773006132834,1893456007838798,0.74,14,buy
1773006132834,1893456007838797,0.26,14,buy
1773006132844,1893456007838800,0.74,14,buy
1773006132844,1893456007838799,0.26,14,buy
1773006132855,1893456007838802,0.74,14,buy
1773006132855,1893456007838801,0.26,14,buy
1773006132864,1893456007838804,0.74,14,buy
1773006132864,1893456007838803,0.26,14,buy
1773006132874,1893456007838806,0.74,14,buy
1773006132874,1893456007838805,0.26,14,buy
1773006132884,1893456007838808,0.74,14,buy
1773006132884,1893456007838807,0.26,14,buy
1773006132894,1893456007838810,0.74,14,buy
1773006132894,1893456007838809,0.26,14,buy
1773006132904,1893456007838812,0.74,14,buy
1773006132904,1893456007838811,0.26,14,buy
1773006132912,1893456007838814,0.74,14,buy
1773006132912,1893456007838813,0.26,14,buy
1773006132924,1893456007838816,0.74,14,buy
1773006132924,1893456007838815,0.26,14,buy
1773006132934,1893456007838820,0.27,24,buy
1773006132934,1893456007838819,0.73,24,buy
1773006132934,1893456007838818,0.74,14,buy
1773006132934,1893456007838817,0.26,14,buy
1773006132939,1893456007838822,0.73,24,buy
1773006132939,1893456007838821,0.27,24,buy
1773006132940,1893456007838824,0.73,14,buy
1773006132940,1893456007838823,0.27,14,buy
1773006132947,1893456007838828,0.73,14,buy
1773006132947,1893456007838827,0.27,14,buy
1773006132947,1893456007838826,0.73,24,buy
1773006132947,1893456007838825,0.27,24,buy
1773006132951,1893456007838832,0.73,14,buy
1773006132951,1893456007838831,0.27,14,buy
1773006132951,1893456007838830,0.73,24,buy
1773006132951,1893456007838829,0.27,24,buy
1773006132964,1893456007838836,0.73,14,buy
1773006132964,1893456007838835,0.27,14,buy
1773006132964,1893456007838834,0.73,24,buy
1773006132964,1893456007838833,0.27,24,buy
1773006132974,1893456007838838,0.73,24,buy
1773006132974,1893456007838837,0.27,24,buy
1773006132982,1893456007838840,0.73,24,buy
1773006132982,1893456007838839,0.27,24,buy
1773006132990,1893456007838842,0.73,24,buy
1773006132990,1893456007838841,0.27,24,buy
1773006132994,1893456007838844,0.73,24,buy
1773006132994,1893456007838843,0.27,24,buy
1773006133001,1893456007838848,0.73,7,buy
1773006133001,1893456007838847,0.27,7,buy
1773006133001,1893456007838846,0.73,14,buy
1773006133001,1893456007838845,0.27,14,buy
1773006133009,1893456007838852,0.73,7,buy
1773006133009,1893456007838851,0.27,7,buy
1773006133009,1893456007838850,0.73,14,buy
1773006133009,1893456007838849,0.27,14,buy
1773006133014,1893456007838856,0.73,7,buy
1773006133014,1893456007838855,0.27,7,buy
1773006133014,1893456007838854,0.73,14,buy
1773006133014,1893456007838853,0.27,14,buy
1773006133023,1893456007838860,0.73,7,buy
1773006133023,1893456007838859,0.27,7,buy
1773006133023,1893456007838858,0.73,14,buy
1773006133023,1893456007838857,0.27,14,buy
1773006133027,1893456007838864,0.73,7,buy
1773006133027,1893456007838863,0.27,7,buy
1773006133027,1893456007838862,0.73,14,buy
1773006133027,1893456007838861,0.27,14,buy
1773006133034,1893456007838868,0.73,7,buy
1773006133034,1893456007838867,0.27,7,buy
1773006133034,1893456007838866,0.73,14,buy
1773006133034,1893456007838865,0.27,14,buy
1773006133049,1893456007838872,0.73,7,buy
1773006133049,1893456007838871,0.27,7,buy
1773006133049,1893456007838870,0.73,14,buy
1773006133049,1893456007838869,0.27,14,buy
1773006133052,1893456007838877,0.73,7,buy
1773006133052,1893456007838876,0.27,7,buy
1773006133052,1893456007838875,0.73,14,buy
1773006133052,1893456007838874,0.27,9,buy
1773006133052,1893456007838873,0.27,5,buy
1773006133056,1893456007838879,0.73,14,buy
1773006133056,1893456007838878,0.27,14,buy
1773006133057,1893456007838883,0.29,36,buy
1773006133057,1893456007838882,0.28,24,buy
1773006133057,1893456007838881,0.71,36,buy
1773006133057,1893456007838880,0.72,24,buy
1773006133062,1893456007838889,0.73,10,buy
1773006133062,1893456007838888,0.71,4,buy
1773006133062,1893456007838887,0.27,10,buy
1773006133062,1893456007838886,0.29,4,buy
1773006133062,1893456007838885,0.71,36,buy
1773006133062,1893456007838884,0.29,36,buy
1773006133063,1893456007838891,0.73,7,buy
1773006133063,1893456007838890,0.27,7,buy
1773006133068,1893456007838895,0.73,14,buy
1773006133068,1893456007838894,0.27,14,buy
1773006133068,1893456007838893,0.73,7,buy
1773006133068,1893456007838892,0.27,7,buy
1773006133074,1893456007838897,0.74,7,buy
1773006133074,1893456007838896,0.26,7,buy
1773006133080,1893456007838899,0.74,7,buy
1773006133080,1893456007838898,0.26,7,buy
1773006133083,1893456007838903,0.28,24,buy
1773006133083,1893456007838902,0.27,14,buy
1773006133083,1893456007838901,0.72,24,buy
1773006133083,1893456007838900,0.73,14,buy
1773006133086,1893456007838905,0.72,7,buy
1773006133086,1893456007838904,0.28,7,buy
1773006133094,1893456007838911,0.72,14,buy
1773006133094,1893456007838910,0.28,14,buy
1773006133094,1893456007838909,0.72,7,buy
1773006133094,1893456007838908,0.28,7,buy
1773006133094,1893456007838907,0.72,24,buy
1773006133094,1893456007838906,0.28,24,buy
1773006133100,1893456007838917,0.72,14,buy
1773006133100,1893456007838916,0.28,14,buy
1773006133100,1893456007838915,0.72,7,buy
1773006133100,1893456007838914,0.28,7,buy
1773006133100,1893456007838913,0.72,24,buy
1773006133100,1893456007838912,0.28,24,buy
1773006133104,1893456007838923,0.72,14,buy
1773006133104,1893456007838922,0.28,14,buy
1773006133104,1893456007838921,0.72,7,buy
1773006133104,1893456007838920,0.28,7,buy
1773006133104,1893456007838919,0.72,24,buy
1773006133104,1893456007838918,0.28,24,buy
1773006133108,1893456007838927,0.72,14,buy
1773006133108,1893456007838926,0.28,14,buy
1773006133108,1893456007838925,0.72,7,buy
1773006133108,1893456007838924,0.28,7,buy
1773006133126,1893456007838929,0.72,7,buy
1773006133126,1893456007838928,0.28,7,buy
1773006133132,1893456007838933,0.72,7,buy
1773006133132,1893456007838932,0.28,7,buy
1773006133132,1893456007838931,0.72,14,buy
1773006133132,1893456007838930,0.28,14,buy
1773006133144,1893456007838935,0.73,7,buy
1773006133144,1893456007838934,0.27,7,buy
1773006133162,1893456007838937,0.73,7,buy
1773006133162,1893456007838936,0.27,7,buy
1773006133172,1893456007838939,0.73,7,buy
1773006133172,1893456007838938,0.27,7,buy
1773006133177,1893456007838941,0.73,7,buy
1773006133177,1893456007838940,0.27,7,buy
1773006133182,1893456007838943,0.73,7,buy
1773006133182,1893456007838942,0.27,7,buy
1773006133192,1893456007838945,0.73,7,buy
1773006133192,1893456007838944,0.27,7,buy
1773006133201,1893456007838947,0.73,7,buy
1773006133201,1893456007838946,0.27,7,buy
1773006133214,1893456007838949,0.73,7,buy
1773006133214,1893456007838948,0.27,7,buy
1773006133224,1893456007838951,0.73,7,buy
1773006133224,1893456007838950,0.27,7,buy
1773006133234,1893456007838953,0.73,7,buy
1773006133234,1893456007838952,0.27,7,buy
1773006133244,1893456007838955,0.73,7,buy
1773006133244,1893456007838954,0.27,7,buy
1773006133634,1893456007838957,0.71,8,buy
1773006133634,1893456007838956,0.29,8,buy
1773006133644,1893456007838959,0.71,8,buy
1773006133644,1893456007838958,0.29,8,buy
1773006133663,1893456007838963,0.71,18,buy
1773006133663,1893456007838962,0.29,18,buy
1773006133663,1893456007838961,0.71,8,buy
1773006133663,1893456007838960,0.29,8,buy
1773006133668,1893456007838967,0.71,8,buy
1773006133668,1893456007838966,0.29,8,buy
1773006133668,1893456007838965,0.71,18,buy
1773006133668,1893456007838964,0.29,18,buy
1773006133674,1893456007838971,0.71,8,buy
1773006133674,1893456007838970,0.29,8,buy
1773006133674,1893456007838969,0.71,18,buy
1773006133674,1893456007838968,0.29,18,buy
1773006133684,1893456007838975,0.72,8,buy
1773006133684,1893456007838974,0.28,8,buy
1773006133684,1893456007838973,0.71,6,buy
1773006133684,1893456007838972,0.29,6,buy
1773006133694,1893456007838977,0.72,8,buy
1773006133694,1893456007838976,0.28,8,buy
1773006134057,1893456007838979,0.71,9,buy
1773006134057,1893456007838978,0.29,9,buy
1773006134064,1893456007838981,0.71,9,buy
1773006134064,1893456007838980,0.29,9,buy
1773006134074,1893456007838983,0.71,9,buy
1773006134074,1893456007838982,0.29,9,buy
1773006134076,1893456007838985,0.3,18,buy
1773006134076,1893456007838984,0.7,18,buy
1773006134084,1893456007838987,0.7,9,buy
1773006134084,1893456007838986,0.3,9,buy
1773006134094,1893456007838991,0.7,9,buy
1773006134094,1893456007838990,0.3,9,buy
1773006134094,1893456007838989,0.7,18,buy
1773006134094,1893456007838988,0.3,18,buy
1773006134104,1893456007838995,0.7,9,buy
1773006134104,1893456007838994,0.3,9,buy
1773006134104,1893456007838993,0.7,18,buy
1773006134104,1893456007838992,0.3,18,buy
1773006134114,1893456007838999,0.7,1,buy
1773006134114,1893456007838998,0.3,1,buy
1773006134114,1893456007838997,0.7,18,buy
1773006134114,1893456007838996,0.3,18,buy
1773006134917,1893456007839003,0.32,20,buy
1773006134917,1893456007839002,0.31,9,buy
1773006134917,1893456007839001,0.68,20,buy
1773006134917,1893456007839000,0.69,9,buy
1773006134922,1893456007839007,0.68,9,buy
1773006134922,1893456007839006,0.32,9,buy
1773006134922,1893456007839005,0.68,20,buy
1773006134922,1893456007839004,0.32,20,buy
1773006134934,1893456007839011,0.68,9,buy
1773006134934,1893456007839010,0.32,9,buy
1773006134934,1893456007839009,0.68,20,buy
1773006134934,1893456007839008,0.32,20,buy
1773006134944,1893456007839016,0.68,9,buy
1773006134944,1893456007839015,0.32,9,buy
1773006134944,1893456007839014,0.68,20,buy
1773006134944,1893456007839013,0.32,7,buy
1773006134944,1893456007839012,0.32,13,buy
1773006155566,1893456007839024,0.64,41,buy
1773006155566,1893456007839023,0.63,23,buy
1773006155566,1893456007839022,0.62,10,buy
1773006155566,1893456007839021,0.36,41,buy
1773006155566,1893456007839020,0.37,23,buy
1773006155566,1893456007839019,0.38,10,buy
1773006155585,1893456007839030,0.36,23,buy
1773006155585,1893456007839029,0.64,23,buy
1773006155585,1893456007839028,0.36,41,buy
1773006155585,1893456007839027,0.64,41,buy
1773006155585,1893456007839026,0.36,10,buy
1773006155585,1893456007839025,0.64,10,buy
1773006155594,1893456007839032,0.36,10,buy
1773006155594,1893456007839031,0.64,10,buy
1773006155595,1893456007839034,0.36,23,buy
1773006155595,1893456007839033,0.64,23,buy
1773006155604,1893456007839039,0.36,23,buy
1773006155604,1893456007839038,0.64,14,buy
1773006155604,1893456007839037,0.64,9,buy
1773006155604,1893456007839036,0.36,10,buy
1773006155604,1893456007839035,0.64,10,buy
1773006155852,1893456007839041,0.66,10,buy
1773006155852,1893456007839040,0.34,10,buy
1773006155857,1893456007839043,0.34,10,buy
1773006155857,1893456007839042,0.66,10,buy
1773006155864,1893456007839045,0.34,10,buy
1773006155864,1893456007839044,0.66,10,buy
1773006155870,1893456007839047,0.34,10,buy
1773006155870,1893456007839046,0.66,10,buy
1773006155874,1893456007839049,0.34,10,buy
1773006155874,1893456007839048,0.66,10,buy
1773006155884,1893456007839051,0.34,10,buy
1773006155884,1893456007839050,0.66,10,buy
1773006155894,1893456007839053,0.34,10,buy
1773006155894,1893456007839052,0.66,10,buy
1773006155904,1893456007839055,0.34,10,buy
1773006155904,1893456007839054,0.66,10,buy
1773006155960,1893456007839059,0.67,22,buy
1773006155960,1893456007839058,0.33,22,buy
1773006155960,1893456007839057,0.66,10,buy
1773006155960,1893456007839056,0.34,10,buy
1773006175027,1893456007839063,0.32,100,buy
1773006175027,1893456007839062,0.68,100,buy
1773006180628,1893456007839065,0.68,48,buy
1773006180628,1893456007839064,0.32,48,buy
