timestamp_ms,tid,price,amount,type
1772118470841,1893456007623660,0.71,57,buy
1772118470841,1893456007623659,0.29,57,buy
1772119070237,1893456007623723,0.62,5,buy
1772119070237,1893456007623722,0.38,5,buy
1772119465758,1893456007623812,0.33,5,buy
1772119465758,1893456007623811,0.67,5,buy
1772119566879,1893456007623825,0.37,5,buy
1772119566879,1893456007623824,0.63,5,buy
1772119569257,1893456007623830,0.38,10,buy
1772119569257,1893456007623829,0.62,5,buy
1772119569257,1893456007623828,0.62,5,buy
1772119579396,1893456007623832,0.39,5,buy
1772119579396,1893456007623831,0.61,5,buy
1772119590668,1893456007623837,0.4,10,buy
1772119590668,1893456007623836,0.6,5,buy
1772119590668,1893456007623835,0.6,5,buy
1772119607781,1893456007623841,0.41,5,buy
1772119607781,1893456007623840,0.59,5,buy
1772119608470,1893456007623846,0.42,10,buy
1772119608470,1893456007623845,0.58,5,buy
1772119608470,1893456007623844,0.58,5,buy
1772119613146,1893456007623854,0.44,5,buy
1772119613146,1893456007623853,0.56,5,buy
1772119614433,1893456007623856,0.45,32,buy
1772119614433,1893456007623855,0.55,32,buy
1772120051788,1893456007623908,0.7,5,buy
1772120051788,1893456007623907,0.3,5,buy
1772120053586,1893456007623912,0.72,5,buy
1772120053586,1893456007623911,0.28,5,buy
1772120073140,1893456007623938,0.78,5,buy
1772120073140,1893456007623937,0.77,5,buy
1772120073140,1893456007623936,0.22,5,buy
1772120073140,1893456007623935,0.23,5,buy
1772120073187,1893456007623957,0.79,5,buy
1772120073187,1893456007623956,0.21,5,buy
1772120173015,1893456007624000,0.3,21,buy
1772120173015,1893456007623999,0.7,21,buy
1772120174387,1893456007624002,0.33,5,buy
1772120174387,1893456007624001,0.67,5,buy
1772120384212,1893456007624030,0.38,5,buy
1772120384212,1893456007624029,0.62,5,buy
1772120391923,1893456007624038,0.39,10,buy
1772120391923,1893456007624037,0.61,5,buy
1772120391923,1893456007624036,0.61,5,buy
1772120399511,1893456007624069,0.49,5,buy
1772120399511,1893456007624068,0.51,5,buy
1772120543179,1893456007624128,0.43,5,buy
1772120543179,1893456007624127,0.57,5,buy
1772120639121,1893456007624152,0.68,4,buy
1772120639121,1893456007624151,0.32,4,buy
1772120664867,1893456007624156,0.68,1,buy
1772120664867,1893456007624155,0.32,1,buy
1772120668906,1893456007624162,0.32,43,buy
1772120668906,1893456007624161,0.68,43,buy
1772120724185,1893456007624209,0.74,5,buy
1772120724185,1893456007624208,0.26,5,buy
1772120739757,1893456007624224,0.29,5,buy
1772120739757,1893456007624223,0.71,5,buy
1772120789106,1893456007624234,0.72,13,buy
1772120789106,1893456007624233,0.28,13,buy
1772120957288,1893456007624268,0.33,10,buy
1772120957288,1893456007624267,0.32,10,buy
1772120957288,1893456007624266,0.67,10,buy
1772120957288,1893456007624265,0.68,10,buy
1772121000785,1893456007624270,0.27,10,buy
1772121000785,1893456007624269,0.73,10,buy
1772121011747,1893456007624272,0.32,10,buy
1772121011747,1893456007624271,0.68,10,buy
1772121041203,1893456007624274,0.23,10,buy
1772121041203,1893456007624273,0.77,10,buy
1772121041346,1893456007624276,0.24,10,buy
1772121041346,1893456007624275,0.76,10,buy
1772121043687,1893456007624278,0.28,50,buy
1772121043687,1893456007624277,0.72,50,buy
1772121044381,1893456007624280,0.31,10,buy
1772121044381,1893456007624279,0.69,10,buy
1772121044486,1893456007624282,0.32,10,buy
1772121044486,1893456007624281,0.68,10,buy
1772121054540,1893456007624284,0.3,10,buy
1772121054540,1893456007624283,0.7,10,buy
1772121059647,1893456007624286,0.3,10,buy
1772121059647,1893456007624285,0.7,10,buy
1772121061141,1893456007624288,0.31,10,buy
1772121061141,1893456007624287,0.69,10,buy
1772121061337,1893456007624290,0.32,10,buy
1772121061337,1893456007624289,0.68,10,buy
1772121061483,1893456007624292,0.33,10,buy
1772121061483,1893456007624291,0.67,10,buy
1772121068356,1893456007624294,0.3,10,buy
1772121068356,1893456007624293,0.7,10,buy
1772121070446,1893456007624296,0.31,10,buy
1772121070446,1893456007624295,0.69,10,buy
1772121075234,1893456007624298,0.28,10,buy
1772121075234,1893456007624297,0.72,10,buy
1772121075461,1893456007624300,0.3,10,buy
1772121075461,1893456007624299,0.7,10,buy
1772121075622,1893456007624302,0.31,10,buy
1772121075622,1893456007624301,0.69,10,buy
1772121079317,1893456007624304,0.31,10,buy
1772121079317,1893456007624303,0.69,10,buy
1772121099115,1893456007624306,0.33,10,buy
1772121099115,1893456007624305,0.67,10,buy
1772121102760,1893456007624308,0.34,10,buy
1772121102760,1893456007624307,0.66,10,buy
1772121104791,1893456007624310,0.69,10,buy
1772121104791,1893456007624309,0.31,10,buy
1772121120497,1893456007624312,0.32,10,buy
1772121120497,1893456007624311,0.68,10,buy
1772121127000,1893456007624319,0.36,100,buy
1772121127000,1893456007624318,0.64,100,buy
1772121127634,1893456007624321,0.36,10,buy
1772121127634,1893456007624320,0.64,10,buy
1772121127706,1893456007624323,0.37,10,buy
1772121127706,1893456007624322,0.63,10,buy
1772121128790,1893456007624325,0.38,10,buy
1772121128790,1893456007624324,0.62,10,buy
1772121142139,1893456007624341,0.22,10,buy
1772121142139,1893456007624340,0.78,10,buy
1772121142885,1893456007624343,0.78,50,buy
1772121142885,1893456007624342,0.22,50,buy
1772121146378,1893456007624345,0.8,13,buy
1772121146378,1893456007624344,0.2,13,buy
1772121150350,1893456007624347,0.2,10,buy
1772121150350,1893456007624346,0.8,10,buy
1772121150686,1893456007624349,0.21,10,buy
1772121150686,1893456007624348,0.79,10,buy
1772121151606,1893456007624351,0.23,10,buy
1772121151606,1893456007624350,0.77,10,buy
1772121157379,1893456007624357,0.23,10,buy
1772121157379,1893456007624356,0.22,10,buy
1772121157379,1893456007624355,0.21,10,buy
1772121157379,1893456007624354,0.77,10,buy
1772121157379,1893456007624353,0.78,10,buy
1772121157379,1893456007624352,0.79,10,buy
1772121161643,1893456007624359,0.25,10,buy
1772121161643,1893456007624358,0.75,10,buy
1772121161928,1893456007624361,0.27,10,buy
1772121161928,1893456007624360,0.73,10,buy
1772121191686,1893456007624372,0.9,9,buy
1772121191686,1893456007624371,0.87,20,buy
1772121191686,1893456007624370,0.86,10,buy
1772121191686,1893456007624369,0.85,10,buy
1772121191686,1893456007624368,0.84,10,buy
1772121191686,1893456007624367,0.1,9,buy
1772121191686,1893456007624366,0.13,10,buy
1772121191686,1893456007624365,0.87,10,sell
1772121191686,1893456007624364,0.14,10,buy
1772121191686,1893456007624363,0.15,10,buy
1772121191686,1893456007624362,0.16,10,buy
1772121198240,1893456007624376,0.33,10,buy
1772121198240,1893456007624375,0.32,10,buy
1772121198240,1893456007624374,0.67,10,buy
1772121198240,1893456007624373,0.68,10,buy
1772121198850,1893456007624383,0.34,10,buy
1772121198850,1893456007624382,0.66,10,buy
1772121200998,1893456007624385,0.68,1,buy
1772121200998,1893456007624384,0.32,1,buy
1772121225667,1893456007624392,0.31,10,buy
1772121225667,1893456007624391,0.69,10,buy
1772121231563,1893456007624394,0.72,10,buy
1772121231563,1893456007624393,0.72,10,sell
1772121232317,1893456007624396,0.29,10,buy
1772121232317,1893456007624395,0.71,10,buy
1772121232426,1893456007624402,0.31,10,buy
1772121232426,1893456007624401,0.3,10,buy
1772121232426,1893456007624400,0.69,10,buy
1772121232426,1893456007624399,0.7,10,buy
1772121235257,1893456007624404,0.33,10,buy
1772121235257,1893456007624403,0.67,10,buy
1772121271129,1893456007624415,0.28,10,buy
1772121271129,1893456007624414,0.72,10,buy
1772121271697,1893456007624417,0.72,10,buy
1772121271697,1893456007624416,0.28,10,buy
1772121278367,1893456007624419,0.27,10,buy
1772121278367,1893456007624418,0.73,10,buy
1772121278416,1893456007624421,0.73,10,buy
1772121278416,1893456007624420,0.27,10,buy
1772121280404,1893456007624423,0.73,29,buy
1772121280404,1893456007624422,0.27,29,buy
1772121282987,1893456007624428,0.26,10,buy
1772121282987,1893456007624427,0.74,10,buy
1772121283435,1893456007624430,0.74,10,buy
1772121283435,1893456007624429,0.26,10,buy
1772121283860,1893456007624432,0.74,14,buy
1772121283860,1893456007624431,0.26,14,buy
1772121285570,1893456007624434,0.27,10,buy
1772121285570,1893456007624433,0.73,10,buy
1772121286177,1893456007624436,0.28,10,buy
1772121286177,1893456007624435,0.72,10,buy
1772121286211,1893456007624438,0.29,10,buy
1772121286211,1893456007624437,0.71,10,buy
1772121286316,1893456007624445,0.3,10,buy
1772121286316,1893456007624444,0.7,10,buy
1772121286558,1893456007624447,0.69,10,buy
1772121286558,1893456007624446,0.31,10,buy
1772121291767,1893456007624449,0.3,42,buy
1772121291767,1893456007624448,0.7,42,buy
1772121291826,1893456007624451,0.7,10,buy
1772121291826,1893456007624450,0.3,10,buy
1772121292321,1893456007624453,0.71,6,buy
1772121292321,1893456007624452,0.29,6,buy
1772121296256,1893456007624455,0.29,10,buy
1772121296256,1893456007624454,0.71,10,buy
1772121299998,1893456007624457,0.29,10,buy
1772121299998,1893456007624456,0.71,10,buy
1772121304247,1893456007624459,0.29,10,buy
1772121304247,1893456007624458,0.71,10,buy
1772121307714,1893456007624461,0.31,10,buy
1772121307714,1893456007624460,0.69,10,buy
1772121317960,1893456007624471,0.32,10,buy
1772121317960,1893456007624470,0.68,10,buy
1772121399027,1893456007624475,0.81,8,buy
1772121399027,1893456007624474,0.81,8,sell
1772121470786,1893456007624612,0.81,92,buy
1772121470786,1893456007624611,0.81,92,sell
1772121474406,1893456007624618,0.85,57,sell
1772121474406,1893456007624617,0.85,57,buy
1772121515236,1893456007624668,0.9,81,buy
1772121515236,1893456007624667,0.1,10,buy
1772121515236,1893456007624666,0.1,10,buy
1772121515236,1893456007624665,0.1,10,buy
1772121515236,1893456007624664,0.1,10,buy
1772121515236,1893456007624663,0.1,10,buy
1772121515236,1893456007624662,0.1,10,buy
1772121515236,1893456007624661,0.1,10,buy
1772121515236,1893456007624660,0.1,10,buy
1772121515236,1893456007624659,0.1,1,buy
1772121528832,1893456007624689,0.91,100,buy
1772121528832,1893456007624688,0.09,10,buy
1772121528832,1893456007624687,0.09,10,buy
1772121528832,1893456007624686,0.09,10,buy
1772121528832,1893456007624685,0.09,10,buy
1772121528832,1893456007624684,0.09,10,buy
1772121528832,1893456007624683,0.09,10,buy
1772121528832,1893456007624682,0.09,10,buy
1772121528832,1893456007624681,0.09,10,buy
1772121528832,1893456007624680,0.09,10,buy
1772121528832,1893456007624679,0.09,10,buy
1772121530543,1893456007624704,0.91,100,buy
1772121530543,1893456007624703,0.09,10,buy
1772121530543,1893456007624702,0.09,10,buy
1772121530543,1893456007624701,0.09,10,buy
1772121530543,1893456007624700,0.09,10,buy
1772121530543,1893456007624699,0.09,10,buy
1772121530543,1893456007624698,0.09,10,buy
1772121530543,1893456007624697,0.09,10,buy
1772121530543,1893456007624696,0.09,10,buy
1772121530543,1893456007624695,0.09,10,buy
1772121530543,1893456007624694,0.09,10,buy
1772121530545,1893456007624707,0.91,20,buy
1772121530545,1893456007624706,0.09,10,buy
1772121530545,1893456007624705,0.09,10,buy
1772121533788,1893456007624726,0.92,100,buy
1772121533788,1893456007624725,0.08,10,buy
1772121533788,1893456007624724,0.08,10,buy
1772121533788,1893456007624723,0.08,10,buy
1772121533788,1893456007624722,0.08,10,buy
1772121533788,1893456007624721,0.08,10,buy
1772121533788,1893456007624720,0.08,10,buy
1772121533788,1893456007624719,0.08,10,buy
1772121533788,1893456007624718,0.08,10,buy
1772121533788,1893456007624717,0.08,10,buy
1772121533788,1893456007624716,0.08,10,buy
1772121533800,1893456007624739,0.92,120,buy
1772121533800,1893456007624738,0.08,10,buy
1772121533800,1893456007624737,0.08,10,buy
1772121533800,1893456007624736,0.08,10,buy
1772121533800,1893456007624735,0.08,10,buy
1772121533800,1893456007624734,0.08,10,buy
1772121533800,1893456007624733,0.08,10,buy
1772121533800,1893456007624732,0.08,10,buy
1772121533800,1893456007624731,0.08,10,buy
1772121533800,1893456007624730,0.08,10,buy
1772121533800,1893456007624729,0.08,10,buy
1772121533800,1893456007624728,0.08,10,buy
1772121533800,1893456007624727,0.08,10,buy
1772121534108,1893456007624750,0.93,100,buy
1772121534108,1893456007624749,0.07,10,buy
1772121534108,1893456007624748,0.07,10,buy
1772121534108,1893456007624747,0.07,10,buy
1772121534108,1893456007624746,0.07,10,buy
1772121534108,1893456007624745,0.07,10,buy
1772121534108,1893456007624744,0.07,10,buy
1772121534108,1893456007624743,0.07,10,buy
1772121534108,1893456007624742,0.07,10,buy
1772121534108,1893456007624741,0.07,10,buy
1772121534108,1893456007624740,0.07,10,buy
1772121534337,1893456007624763,0.93,120,buy
1772121534337,1893456007624762,0.07,10,buy
1772121534337,1893456007624761,0.07,10,buy
1772121534337,1893456007624760,0.07,10,buy
1772121534337,1893456007624759,0.07,10,buy
1772121534337,1893456007624758,0.07,10,buy
1772121534337,1893456007624757,0.07,10,buy
1772121534337,1893456007624756,0.07,10,buy
1772121534337,1893456007624755,0.07,10,buy
1772121534337,1893456007624754,0.07,10,buy
1772121534337,1893456007624753,0.07,10,buy
1772121534337,1893456007624752,0.07,10,buy
1772121534337,1893456007624751,0.07,10,buy
1772121538587,1893456007624788,0.94,100,buy
1772121538587,1893456007624787,0.06,10,buy
1772121538587,1893456007624786,0.06,10,buy
1772121538587,1893456007624785,0.06,10,buy
1772121538587,1893456007624784,0.06,10,buy
1772121538587,1893456007624783,0.06,10,buy
1772121538587,1893456007624782,0.06,10,buy
1772121538587,1893456007624781,0.06,10,buy
1772121538587,1893456007624780,0.06,10,buy
1772121538587,1893456007624779,0.06,10,buy
1772121538587,1893456007624778,0.06,10,buy
1772121539468,1893456007624795,0.94,60,buy
1772121539468,1893456007624794,0.06,10,buy
1772121539468,1893456007624793,0.06,10,buy
1772121539468,1893456007624792,0.06,10,buy
1772121539468,1893456007624791,0.06,10,buy
1772121539468,1893456007624790,0.06,10,buy
1772121539468,1893456007624789,0.06,10,buy
1772121539649,1893456007624808,0.95,100,buy
1772121539649,1893456007624807,0.05,10,buy
1772121539649,1893456007624806,0.05,10,buy
1772121539649,1893456007624805,0.05,10,buy
1772121539649,1893456007624804,0.05,10,buy
1772121539649,1893456007624803,0.05,10,buy
1772121539649,1893456007624802,0.05,10,buy
1772121539649,1893456007624801,0.05,10,buy
1772121539649,1893456007624800,0.05,10,buy
1772121539649,1893456007624799,0.05,10,buy
1772121539649,1893456007624798,0.05,10,buy
1772121540472,1893456007624814,0.95,30,buy
1772121540472,1893456007624813,0.05,10,buy
1772121540472,1893456007624812,0.05,10,buy
1772121540472,1893456007624811,0.05,10,buy
