timestamp_ms,tid,price,amount,type
1772921139145,1893456007814055,0.87,35,buy
1772921318075,1893456007814112,0.9,49,buy
1772921691698,1893456007814173,0.75,35,sell
1772921691762,1893456007814177,0.74,35,sell
1772921691762,1893456007814176,0.74,31,sell
1772921691762,1893456007814175,0.75,35,sell
1772921691775,1893456007814180,0.73,35,sell
1772921956186,1893456007814207,0.79,18,buy
1772922039726,1893456007814215,0.71,26,sell
1772922102418,1893456007814223,0.7,13,buy
1772922134555,1893456007814246,0.68,67,buy
1772922134555,1893456007814245,0.65,25,buy
1772922331568,1893456007814283,0.67,23,sell
1772922451246,1893456007814343,0.64,35,sell
1772922451297,1893456007814345,0.64,35,buy
1772922561706,1893456007814366,0.61,35,sell
1772922561745,1893456007814368,0.61,35,buy
1772922565126,1893456007814370,0.61,35,sell
1772922565174,1893456007814372,0.61,35,buy
1772922569701,1893456007814374,0.57,35,sell
1772922569702,1893456007814378,0.54,19,sell
1772922569702,1893456007814377,0.55,35,sell
1772922569702,1893456007814376,0.56,35,sell
1772922569714,1893456007814382,0.54,19,buy
1772922569746,1893456007814384,0.54,19,sell
1772922569752,1893456007814386,0.54,19,buy
1772922569762,1893456007814390,0.54,35,buy
1772922569762,1893456007814388,0.54,19,buy
1772922569857,1893456007814393,0.55,35,sell
1772922569857,1893456007814392,0.56,35,sell
1772922730714,1893456007814428,0.66,35,sell
1772922731083,1893456007814432,0.65,35,sell
1772922841986,1893456007814454,0.39,35,sell
1772922842097,1893456007814456,0.38,35,sell
1772922888797,1893456007814467,0.48,14,buy
1772922888797,1893456007814466,0.48,35,buy
1772922901112,1893456007814476,0.47,35,buy
1772922901184,1893456007814478,0.47,35,sell
1772922901224,1893456007814480,0.47,35,sell
1772922901264,1893456007814483,0.47,5,sell
1772922901264,1893456007814482,0.47,30,sell
1772922901315,1893456007814485,0.47,35,buy
1772922901357,1893456007814487,0.47,35,sell
1772923013742,1893456007814536,0.34,35,buy
1772923029036,1893456007814540,0.43,35,buy
1772923029113,1893456007814542,0.43,35,sell
1772923029151,1893456007814544,0.43,30,sell
1772923030196,1893456007814546,0.43,5,buy
1772923030281,1893456007814548,0.43,35,sell
1772923030358,1893456007814550,0.43,35,sell
1772923030451,1893456007814552,0.43,25,sell
1772923030886,1893456007814554,0.43,10,buy
1772923030911,1893456007814556,0.44,35,buy
1772923030957,1893456007814558,0.44,35,sell
1772923031004,1893456007814560,0.44,30,sell
1772923031017,1893456007814562,0.44,5,buy
1772923155844,1893456007814590,0.41,57,sell
1772923155844,1893456007814589,0.42,100,sell
1772923200247,1893456007814619,0.54,22,buy
1772923200247,1893456007814618,0.54,35,buy
1772923200247,1893456007814617,0.53,35,buy
1772923200265,1893456007814622,0.54,8,sell
1772923200281,1893456007814624,0.53,35,sell
1772923200322,1893456007814626,0.56,23,buy
1772923200334,1893456007814628,0.56,23,sell
1772923200336,1893456007814630,0.57,49,buy
1772923200339,1893456007814632,0.57,23,sell
1772923200345,1893456007814634,0.57,23,sell
1772923200352,1893456007814636,0.57,5,sell
1772923200494,1893456007814638,0.56,35,sell
1772923200535,1893456007814642,0.56,35,sell
1772923200535,1893456007814640,0.56,35,sell
1772923200994,1893456007814677,0.58,35,sell
1772923200994,1893456007814675,0.58,35,sell
1772923201075,1893456007814699,0.57,5,sell
1772923201075,1893456007814698,0.58,30,sell
1772923267504,1893456007814716,0.5,49,sell
1772923374996,1893456007814752,0.64,11,sell
1772923424099,1893456007814767,0.69,184,buy
1772923424099,1893456007814766,0.69,100,buy
1772923496904,1893456007814782,0.53,35,sell
1772923496904,1893456007814781,0.54,35,sell
1772923496904,1893456007814779,0.56,8,sell
1772923496949,1893456007814785,0.53,35,buy
1772923496987,1893456007814787,0.53,35,buy
1772923497047,1893456007814789,0.52,35,sell
1772923497151,1893456007814791,0.51,35,buy
1772923506869,1893456007814797,0.67,35,buy
1772923506916,1893456007814799,0.67,35,sell
1772923506964,1893456007814801,0.67,30,sell
1772923507036,1893456007814803,0.67,5,buy
1772923507170,1893456007814805,0.68,35,buy
1772923507179,1893456007814807,0.69,35,buy
1772923507208,1893456007814811,0.69,35,sell
1772923507225,1893456007814813,0.69,30,sell
1772923507285,1893456007814815,0.68,35,sell
1772923523537,1893456007814819,0.7,16,buy
1772923570987,1893456007814828,0.77,35,sell
1772923570987,1893456007814827,0.78,35,sell
1772923571044,1893456007814832,0.76,5,buy
1772923571044,1893456007814831,0.76,30,buy
1772923571087,1893456007814834,0.77,35,buy
1772923571124,1893456007814838,0.76,35,buy
1772923571124,1893456007814836,0.76,35,buy
1772923571168,1893456007814840,0.76,30,buy
1772923596237,1893456007814844,0.82,35,sell
1772923596257,1893456007814848,0.78,18,sell
1772923596257,1893456007814847,0.8,35,sell
1772923596257,1893456007814846,0.81,35,sell
1772923596264,1893456007814852,0.78,12,buy
1772923596343,1893456007814854,0.79,35,sell
1772923596355,1893456007814856,0.79,35,buy
1772923599886,1893456007814861,0.79,83,sell
1772923599886,1893456007814860,0.8,35,sell
1772923599886,1893456007814859,0.81,35,sell
1772923599886,1893456007814858,0.82,35,sell
1772923606255,1893456007814870,0.78,35,sell
1772923606299,1893456007814872,0.78,35,buy
1772923606341,1893456007814874,0.78,30,buy
1772923606350,1893456007814877,0.77,35,sell
1772923606350,1893456007814876,0.78,5,sell
1772923606425,1893456007814880,0.77,35,buy
1772923654927,1893456007814887,0.74,31,buy
1772923654927,1893456007814886,0.73,100,buy
1772923741857,1893456007814900,0.56,35,sell
1772923741971,1893456007814904,0.53,35,buy
1772923741971,1893456007814902,0.53,35,buy
1772923742067,1893456007814906,0.52,35,sell
1772923746485,1893456007814908,0.49,35,buy
1772923746499,1893456007814910,0.5,35,buy
1772923746519,1893456007814912,0.51,35,buy
1772923746576,1893456007814914,0.53,22,buy
1772923746582,1893456007814916,0.53,22,sell
1772923746586,1893456007814918,0.53,22,sell
1772923746598,1893456007814920,0.53,22,sell
1772923746622,1893456007814922,0.53,22,buy
1772923746624,1893456007814924,0.53,35,sell
1772923746626,1893456007814926,0.53,22,sell
1772923746634,1893456007814928,0.53,22,sell
1772923746641,1893456007814930,0.53,22,sell
1772923746648,1893456007814932,0.53,22,sell
1772923746654,1893456007814934,0.53,22,sell
1772923746667,1893456007814936,0.54,22,buy
1772923746675,1893456007814938,0.54,22,sell
1772923746701,1893456007814943,0.53,14,sell
1772923746701,1893456007814942,0.54,21,sell
1772923746701,1893456007814940,0.54,35,sell
1772923746704,1893456007814947,0.52,16,sell
1772923746704,1893456007814946,0.53,19,sell
1772923746911,1893456007814950,0.55,35,buy
1772923747086,1893456007814952,0.58,35,buy
1772923747164,1893456007814954,0.58,35,sell
1772923747193,1893456007814956,0.59,35,buy
1772923747234,1893456007814958,0.59,35,sell
1772923747271,1893456007814961,0.59,5,sell
1772923747271,1893456007814960,0.59,30,sell
1772923747336,1893456007814963,0.6,35,buy
1772923748099,1893456007814965,0.63,35,sell
1772923748175,1893456007814969,0.64,35,sell
1772923748175,1893456007814967,0.64,35,sell
1772923754887,1893456007814973,0.69,35,sell
1772923754934,1893456007814975,0.69,35,buy
1772923764156,1893456007814977,0.55,35,sell
1772923764196,1893456007814979,0.55,35,buy
1772923764426,1893456007814982,0.52,35,sell
1772923764426,1893456007814981,0.53,35,sell
1772923764447,1893456007814985,0.51,35,sell
1772923764620,1893456007814987,0.52,35,buy
1772923765204,1893456007814989,0.59,35,sell
1772923765277,1893456007814991,0.58,35,buy
1772923765282,1893456007814993,0.59,35,buy
1772923765887,1893456007814995,0.6,35,buy
1772923765962,1893456007814997,0.6,35,sell
1772923766005,1893456007814999,0.6,30,sell
1772923766097,1893456007815001,0.6,5,buy
1772923801446,1893456007815003,0.58,35,sell
1772923801503,1893456007815005,0.58,35,buy
1772923801579,1893456007815007,0.58,35,buy
1772923860337,1893456007815011,0.65,35,sell
1772923860384,1893456007815013,0.65,35,buy
1772923890623,1893456007815015,0.59,4,sell
1772923921275,1893456007815020,0.68,35,sell
1772923921275,1893456007815019,0.69,35,sell
1772923921307,1893456007815023,0.67,35,sell
1772923921323,1893456007815025,0.67,35,buy
1772923921346,1893456007815027,0.66,14,sell
1772923921350,1893456007815029,0.66,14,buy
1772923921354,1893456007815031,0.66,14,buy
1772923921365,1893456007815033,0.66,35,buy
1772923921527,1893456007815041,0.62,35,buy
1772923921527,1893456007815039,0.62,35,buy
1772923921527,1893456007815037,0.62,35,buy
1772923921694,1893456007815047,0.61,35,buy
1772923921694,1893456007815045,0.61,35,buy
1772923921694,1893456007815043,0.61,35,buy
1772923922085,1893456007815049,0.61,35,buy
1772923925332,1893456007815051,0.58,35,sell
1772923934704,1893456007815058,0.64,35,buy
1772923934704,1893456007815057,0.63,35,buy
1772923934712,1893456007815061,0.65,35,buy
1772923934754,1893456007815063,0.65,35,sell
1772923934879,1893456007815065,0.66,35,buy
1772923935015,1893456007815067,0.66,35,sell
1772923943545,1893456007815072,0.7,35,sell
1772923943545,1893456007815071,0.71,35,sell
1772923943594,1893456007815075,0.69,35,buy
1772923943674,1893456007815081,0.68,30,buy
1772923943674,1893456007815079,0.68,35,buy
1772923943674,1893456007815077,0.68,35,buy
1772923943687,1893456007815083,0.68,5,sell
1772923943715,1893456007815085,0.67,35,buy
1772923943754,1893456007815087,0.67,35,buy
1772923943815,1893456007815089,0.66,12,buy
1772923943865,1893456007815091,0.65,35,buy
1772923943904,1893456007815096,0.65,5,buy
1772923943904,1893456007815095,0.65,30,buy
1772923943904,1893456007815093,0.65,35,buy
1772923943986,1893456007815100,0.65,35,buy
1772923943986,1893456007815098,0.65,35,buy
1772923944057,1893456007815104,0.65,35,buy
1772923944057,1893456007815102,0.65,35,buy
1772923944155,1893456007815106,0.64,13,buy
1772923944165,1893456007815108,0.64,13,buy
1772923944223,1893456007815114,0.64,35,buy
1772923944223,1893456007815112,0.64,35,buy
1772923944223,1893456007815110,0.64,35,buy
1772923944436,1893456007815117,0.62,35,sell
1772923944436,1893456007815116,0.63,35,sell
1772923944501,1893456007815121,0.63,5,buy
1772923944501,1893456007815120,0.62,30,buy
1772923944584,1893456007815124,0.63,35,buy
1772923944613,1893456007815126,0.62,35,sell
1772923944617,1893456007815128,0.61,35,sell
1772923944666,1893456007815130,0.63,35,sell
1772923958850,1893456007815135,0.77,200,buy
1772923958906,1893456007815137,0.77,300,buy
1772923958928,1893456007815139,0.77,100,buy
1772923958977,1893456007815141,0.77,100,buy
1772923959035,1893456007815143,0.77,100,buy
1772923959729,1893456007815145,0.77,69,buy
1772923959765,1893456007815147,0.77,31,sell
1772923959966,1893456007815149,0.77,100,buy
1772923960138,1893456007815151,0.77,100,buy
1772923965411,1893456007815153,0.72,35,sell
1772923965454,1893456007815155,0.72,35,buy
1772923965494,1893456007815157,0.72,35,buy
1772923965544,1893456007815159,0.72,35,buy
1772923990297,1893456007815168,0.76,29,buy
1772923990297,1893456007815167,0.75,100,buy
1772924004214,1893456007815171,0.76,35,buy
1772924008481,1893456007815173,0.75,35,sell
1772924009192,1893456007815175,0.75,35,buy
1772924009278,1893456007815177,0.75,35,buy
1772924009359,1893456007815179,0.75,35,buy
1772924009447,1893456007815181,0.75,35,buy
1772924009526,1893456007815183,0.75,35,buy
1772924009609,1893456007815185,0.75,35,buy
1772924009714,1893456007815187,0.75,35,buy
1772924009811,1893456007815189,0.75,30,buy
1772924017604,1893456007815191,0.76,35,buy
1772924030233,1893456007815195,0.76,35,buy
1772924031244,1893456007815197,0.76,35,buy
1772924031312,1893456007815200,0.76,5,buy
1772924031312,1893456007815199,0.76,30,buy
1772924031353,1893456007815202,0.76,35,buy
1772924031424,1893456007815204,0.76,35,buy
1772924031508,1893456007815206,0.76,35,buy
1772924031584,1893456007815208,0.76,35,buy
1772924033544,1893456007815211,0.74,35,sell
1772924033544,1893456007815210,0.75,35,sell
1772924033642,1893456007815215,0.73,35,sell
1772924033642,1893456007815214,0.75,35,sell
1772924033655,1893456007815218,0.73,35,buy
1772924033764,1893456007815220,0.71,35,buy
1772924033804,1893456007815225,0.71,5,buy
1772924033804,1893456007815224,0.71,30,buy
1772924033804,1893456007815222,0.71,35,buy
1772924034007,1893456007815228,0.69,35,sell
1772924034007,1893456007815227,0.7,35,sell
1772924034086,1893456007815232,0.68,35,sell
1772924034086,1893456007815231,0.69,35,sell
1772924048042,1893456007815235,0.57,35,buy
1772924048076,1893456007815237,0.58,35,buy
1772924048156,1893456007815239,0.58,35,buy
1772924048244,1893456007815241,0.58,35,sell
1772924048319,1893456007815243,0.59,35,buy
1772924048326,1893456007815245,0.6,35,buy
1772924048328,1893456007815247,0.6,35,sell
1772924048394,1893456007815249,0.6,35,sell
1772924048610,1893456007815251,0.6,35,buy
1772924048654,1893456007815253,0.6,35,sell
1772924048716,1893456007815255,0.6,35,buy
1772924057014,1893456007815271,0.67,200,sell
1772924057016,1893456007815273,0.67,100,buy
1772924057466,1893456007815275,0.73,35,buy
1772924058116,1893456007815277,0.64,35,sell
1772924102850,1893456007815289,0.53,35,buy
1772924102889,1893456007815291,0.53,35,buy
1772924103103,1893456007815293,0.53,35,sell
1772924144420,1893456007815309,0.56,35,sell
1772924144420,1893456007815308,0.57,35,sell
1772924144536,1893456007815322,0.55,35,sell
1772924144760,1893456007815326,0.54,3,buy
1772924146013,1893456007815334,0.44,3,sell
1772924171497,1893456007815340,0.52,35,sell
1772924187156,1893456007815344,0.44,35,sell
1772924187205,1893456007815346,0.44,35,buy
1772924188276,1893456007815348,0.44,35,sell
1772924188373,1893456007815350,0.44,35,buy
1772924240607,1893456007815358,0.33,9,sell
1772924255719,1893456007815412,0.39,79,buy
1772924255988,1893456007815416,0.39,3,sell
1772924256622,1893456007815418,0.25,9,buy
1772924258496,1893456007815450,0.41,3,buy
1772924260412,1893456007815452,0.41,197,buy
1772924306992,1893456007815502,0.42,50,sell
1772924307162,1893456007815504,0.52,300,buy
1772924307207,1893456007815506,0.53,100,buy
1772924307425,1893456007815508,0.53,200,buy
1772924307447,1893456007815510,0.53,200,buy
1772924312227,1893456007815512,0.36,100,sell
1772924312625,1893456007815514,0.36,100,buy
1772924312867,1893456007815516,0.36,100,buy
1772924312876,1893456007815518,0.36,115,buy
