timestamp_ms,tid,price,amount,type
1772503579928,1893456007719469,0.63,52,buy
1772503579928,1893456007719468,0.59,25,buy
1772503579928,1893456007719467,0.37,52,buy
1772503579928,1893456007719466,0.41,25,buy
1772503660836,1893456007719475,0.35,74,buy
1772503660836,1893456007719474,0.65,74,buy
1772503947553,1893456007719530,0.71,20,buy
1772503947553,1893456007719529,0.29,20,buy
1772503987060,1893456007719534,0.69,27,buy
1772503987060,1893456007719533,0.31,27,buy
1772504013105,1893456007719538,0.32,2,buy
1772504013105,1893456007719537,0.68,2,buy
1772504075282,1893456007719548,0.33,10,buy
1772504075282,1893456007719547,0.67,10,buy
1772504219386,1893456007719581,0.45,411,buy
1772504219386,1893456007719580,0.44,657,buy
1772504219386,1893456007719579,0.43,10,buy
1772504219386,1893456007719578,0.55,111,buy
1772504219386,1893456007719577,0.55,300,buy
1772504219386,1893456007719576,0.56,357,buy
1772504219386,1893456007719575,0.56,200,buy
1772504219386,1893456007719574,0.56,100,buy
1772504219386,1893456007719573,0.57,10,buy
1772504292357,1893456007719595,0.48,25,buy
1772504292357,1893456007719594,0.52,25,buy
1772504293795,1893456007719597,0.53,88,buy
1772504293795,1893456007719596,0.47,88,buy
1772504495214,1893456007719664,0.68,50,buy
1772504495214,1893456007719663,0.32,25,buy
1772504495214,1893456007719662,0.32,25,buy
1772504495219,1893456007719667,0.69,50,buy
1772504495219,1893456007719666,0.31,25,buy
1772504495219,1893456007719665,0.31,25,buy
1772504495265,1893456007719672,0.32,25,buy
1772504495265,1893456007719671,0.68,25,buy
1772504495295,1893456007719676,0.32,25,buy
1772504495295,1893456007719675,0.68,25,buy
1772504495329,1893456007719704,0.71,50,buy
1772504495329,1893456007719703,0.7,50,buy
1772504495329,1893456007719702,0.29,25,buy
1772504495329,1893456007719701,0.29,25,buy
1772504495329,1893456007719700,0.3,25,buy
1772504495329,1893456007719699,0.3,25,buy
1772504495348,1893456007719711,0.72,38,buy
1772504495348,1893456007719710,0.28,38,buy
1772504495348,1893456007719709,0.72,64,buy
1772504495348,1893456007719708,0.71,36,buy
1772504495348,1893456007719707,0.28,39,buy
1772504495348,1893456007719706,0.28,25,buy
1772504495348,1893456007719705,0.29,36,buy
1772504495354,1893456007719713,0.73,138,buy
1772504495354,1893456007719712,0.27,138,buy
1772504495355,1893456007719719,0.27,12,buy
1772504495355,1893456007719718,0.73,12,buy
1772504495355,1893456007719717,0.27,25,buy
1772504495355,1893456007719716,0.73,25,buy
1772504495355,1893456007719715,0.27,25,buy
1772504495355,1893456007719714,0.73,25,buy
1772504495365,1893456007719733,0.27,75,buy
1772504495365,1893456007719732,0.73,75,buy
1772504495365,1893456007719731,0.27,34,buy
1772504495365,1893456007719730,0.73,34,buy
1772504495365,1893456007719729,0.73,23,buy
1772504495365,1893456007719728,0.27,23,buy
1772504495374,1893456007719739,0.27,34,buy
1772504495374,1893456007719738,0.73,34,buy
1772504495418,1893456007719755,0.27,25,buy
1772504495418,1893456007719754,0.73,25,buy
1772504495418,1893456007719753,0.27,25,buy
1772504495418,1893456007719752,0.73,25,buy
1772504495435,1893456007719759,0.27,25,buy
1772504495435,1893456007719758,0.73,25,buy
1772504495435,1893456007719757,0.27,25,buy
1772504495435,1893456007719756,0.73,25,buy
1772504495574,1893456007719775,0.27,25,buy
1772504495574,1893456007719774,0.73,25,buy
1772504495574,1893456007719773,0.27,25,buy
1772504495574,1893456007719772,0.73,25,buy
1772504508850,1893456007719821,0.77,32,buy
1772504508850,1893456007719820,0.23,32,buy
1772504509525,1893456007719823,0.78,68,buy
1772504509525,1893456007719822,0.22,68,buy
1772504569433,1893456007719837,0.68,10,buy
1772504569433,1893456007719836,0.32,10,buy
1772504570952,1893456007719841,0.69,31,buy
1772504570952,1893456007719840,0.31,31,buy
1772504597117,1893456007719849,0.74,1,buy
1772504597117,1893456007719848,0.26,1,buy
1772504615933,1893456007719857,0.31,100,buy
1772504615933,1893456007719856,0.69,100,buy
1772504616857,1893456007719859,0.69,56,buy
1772504616857,1893456007719858,0.31,56,buy
1772504808557,1893456007719882,0.42,50,buy
1772504808557,1893456007719881,0.58,50,buy
1772504991065,1893456007719904,0.44,216,buy
1772504991065,1893456007719903,0.56,166,buy
1772504991065,1893456007719902,0.56,25,buy
1772504991065,1893456007719901,0.56,25,buy
1772505403550,1893456007719963,0.7,20,buy
1772505403550,1893456007719962,0.3,20,buy
1772505458187,1893456007719973,0.42,4,buy
1772505458187,1893456007719972,0.58,4,buy
1772505514996,1893456007719979,0.62,10,buy
1772505514996,1893456007719978,0.38,10,buy
1772505806106,1893456007719997,0.66,50,buy
1772505806106,1893456007719996,0.66,50,sell
1772505863594,1893456007720001,0.35,40,buy
1772505863594,1893456007720000,0.35,40,sell
1772505980454,1893456007720007,0.58,200,buy
1772505980454,1893456007720006,0.42,200,buy
1772506051477,1893456007720029,0.73,100,buy
1772506051477,1893456007720028,0.27,100,buy
1772506061601,1893456007720031,0.26,20,buy
1772506061601,1893456007720030,0.74,20,buy
1772506064381,1893456007720033,0.27,25,buy
1772506064381,1893456007720032,0.73,25,buy
1772506143715,1893456007720049,0.73,50,buy
1772506143715,1893456007720048,0.27,50,buy
1772506202646,1893456007720058,0.31,316,buy
1772506202646,1893456007720057,0.3,100,buy
1772506202646,1893456007720056,0.69,16,buy
1772506202646,1893456007720055,0.69,300,buy
1772506202646,1893456007720054,0.7,100,buy
1772506215976,1893456007720060,0.32,50,buy
1772506215976,1893456007720059,0.68,50,buy
1772506268117,1893456007720074,0.44,20,sell
1772506268117,1893456007720073,0.44,20,buy
1772506548364,1893456007720104,0.46,50,buy
1772506548364,1893456007720103,0.45,50,buy
1772506548364,1893456007720102,0.54,25,buy
1772506548364,1893456007720101,0.54,25,buy
1772506548364,1893456007720100,0.55,25,buy
1772506548364,1893456007720099,0.55,25,buy
1772506548514,1893456007720106,0.54,5,buy
1772506548514,1893456007720105,0.46,5,buy
1772506569227,1893456007720108,0.46,4,buy
1772506569227,1893456007720107,0.54,4,buy
1772506578969,1893456007720110,0.46,4,sell
1772506578969,1893456007720109,0.46,4,buy
1772506582740,1893456007720116,0.62,50,buy
1772506582740,1893456007720115,0.61,50,buy
1772506582740,1893456007720114,0.38,25,buy
1772506582740,1893456007720113,0.38,25,buy
1772506582740,1893456007720112,0.39,25,buy
1772506582740,1893456007720111,0.39,25,buy
1772506582765,1893456007720118,0.63,25,buy
1772506582765,1893456007720117,0.37,25,buy
1772506582834,1893456007720122,0.36,25,buy
1772506582834,1893456007720121,0.64,25,buy
1772506598189,1893456007720127,0.38,50,buy
1772506598189,1893456007720126,0.62,25,buy
1772506598189,1893456007720125,0.62,25,buy
1772506598195,1893456007720133,0.4,50,buy
1772506598195,1893456007720132,0.39,50,buy
1772506598195,1893456007720131,0.6,25,buy
1772506598195,1893456007720130,0.6,25,buy
1772506598195,1893456007720129,0.61,25,buy
1772506598195,1893456007720128,0.61,25,buy
1772506598256,1893456007720135,0.38,25,buy
1772506598256,1893456007720134,0.62,25,buy
1772506598264,1893456007720137,0.61,25,buy
1772506598264,1893456007720136,0.39,25,buy
1772506598268,1893456007720139,0.61,25,buy
1772506598268,1893456007720138,0.39,25,buy
1772506602155,1893456007720141,0.38,25,buy
1772506602155,1893456007720140,0.62,25,buy
1772506606563,1893456007720144,0.42,50,buy
1772506606563,1893456007720143,0.58,25,buy
1772506606563,1893456007720142,0.58,25,buy
1772506606627,1893456007720146,0.43,25,buy
1772506606627,1893456007720145,0.57,25,buy
1772506641523,1893456007720148,0.56,100,sell
1772506641523,1893456007720147,0.56,100,buy
1772506722848,1893456007720160,0.67,100,buy
1772506722848,1893456007720159,0.33,100,buy
1772506722856,1893456007720162,0.67,200,buy
1772506722856,1893456007720161,0.33,200,buy
1772506722924,1893456007720164,0.67,200,buy
1772506722924,1893456007720163,0.33,200,buy
1772506723044,1893456007720166,0.67,100,buy
1772506723044,1893456007720165,0.33,100,buy
1772506723225,1893456007720168,0.67,6,buy
1772506723225,1893456007720167,0.33,6,buy
1772506726609,1893456007720176,0.73,25,buy
1772506726609,1893456007720175,0.27,25,buy
1772506749839,1893456007720182,0.86,25,buy
1772506749839,1893456007720181,0.14,25,buy
1772506750446,1893456007720184,0.86,75,buy
1772506750446,1893456007720183,0.14,75,buy
1772506766240,1893456007720188,0.9,25,buy
1772506766240,1893456007720187,0.1,25,buy
1772506787444,1893456007720196,0.22,300,buy
1772506787444,1893456007720195,0.78,300,buy
1772506787448,1893456007720198,0.22,200,buy
1772506787448,1893456007720197,0.78,200,buy
