timestamp_ms,tid,price,amount,type
1771618908787,1893456007535329,0.22,1,buy
1771618908787,1893456007535328,0.78,1,buy
1771618908794,1893456007535331,0.22,1,buy
1771618908794,1893456007535330,0.78,1,buy
1771618908824,1893456007535335,0.22,1,buy
1771618908824,1893456007535334,0.78,1,buy
1771618908824,1893456007535333,0.22,1,buy
1771618908824,1893456007535332,0.78,1,buy
1771618908897,1893456007535339,0.22,1,buy
1771618908897,1893456007535338,0.78,1,buy
1771618908897,1893456007535337,0.22,1,buy
1771618908897,1893456007535336,0.78,1,buy
1771618908923,1893456007535343,0.22,1,buy
1771618908923,1893456007535342,0.78,1,buy
1771618908923,1893456007535341,0.22,1,buy
1771618908923,1893456007535340,0.78,1,buy
1771618908959,1893456007535347,0.22,1,buy
1771618908959,1893456007535346,0.78,1,buy
1771618908959,1893456007535345,0.22,1,buy
1771618908959,1893456007535344,0.78,1,buy
1771618908982,1893456007535349,0.22,1,buy
1771618908982,1893456007535348,0.78,1,buy
1771618908984,1893456007535351,0.22,1,buy
1771618908984,1893456007535350,0.78,1,buy
1771618909046,1893456007535353,0.22,1,buy
1771618909046,1893456007535352,0.78,1,buy
1771618909084,1893456007535355,0.22,1,buy
1771618909084,1893456007535354,0.78,1,buy
1771618909106,1893456007535357,0.22,1,buy
1771618909106,1893456007535356,0.78,1,buy
1771618909144,1893456007535359,0.22,1,buy
1771618909144,1893456007535358,0.78,1,buy
1771618909166,1893456007535361,0.22,1,buy
1771618909166,1893456007535360,0.78,1,buy
1771618909224,1893456007535363,0.22,1,buy
1771618909224,1893456007535362,0.78,1,buy
1771618909262,1893456007535365,0.22,1,buy
1771618909262,1893456007535364,0.78,1,buy
1771618909284,1893456007535367,0.22,1,buy
1771618909284,1893456007535366,0.78,1,buy
1771618909310,1893456007535369,0.22,1,buy
1771618909310,1893456007535368,0.78,1,buy
1771618909336,1893456007535371,0.22,1,buy
1771618909336,1893456007535370,0.78,1,buy
1771618909364,1893456007535373,0.22,1,buy
1771618909364,1893456007535372,0.78,1,buy
1771618909384,1893456007535375,0.22,1,buy
1771618909384,1893456007535374,0.78,1,buy
1771618909444,1893456007535381,0.22,1,buy
1771618909444,1893456007535380,0.78,1,buy
1771618909444,1893456007535379,0.22,1,buy
1771618909444,1893456007535378,0.78,1,buy
1771618909444,1893456007535377,0.22,2,buy
1771618909444,1893456007535376,0.78,2,buy
1771618909494,1893456007535387,0.22,1,buy
1771618909494,1893456007535386,0.78,1,buy
1771618909494,1893456007535385,0.22,1,buy
1771618909494,1893456007535384,0.78,1,buy
1771618909494,1893456007535383,0.22,2,buy
1771618909494,1893456007535382,0.78,2,buy
1771618909524,1893456007535393,0.22,1,buy
1771618909524,1893456007535392,0.78,1,buy
1771618909524,1893456007535391,0.22,1,buy
1771618909524,1893456007535390,0.78,1,buy
1771618909524,1893456007535389,0.22,2,buy
1771618909524,1893456007535388,0.78,2,buy
1771618909574,1893456007535397,0.22,1,buy
1771618909574,1893456007535396,0.78,1,buy
1771618909574,1893456007535395,0.22,1,buy
1771618909574,1893456007535394,0.78,1,buy
1771618909595,1893456007535401,0.22,1,buy
1771618909595,1893456007535400,0.78,1,buy
1771618909595,1893456007535399,0.22,1,buy
1771618909595,1893456007535398,0.78,1,buy
1771618909618,1893456007535405,0.22,1,buy
1771618909618,1893456007535404,0.78,1,buy
1771618909618,1893456007535403,0.22,1,buy
1771618909618,1893456007535402,0.78,1,buy
1771618909653,1893456007535409,0.22,1,buy
1771618909653,1893456007535408,0.78,1,buy
1771618909653,1893456007535407,0.22,1,buy
1771618909653,1893456007535406,0.78,1,buy
1771618909684,1893456007535413,0.22,1,buy
1771618909684,1893456007535412,0.78,1,buy
1771618909684,1893456007535411,0.22,1,buy
1771618909684,1893456007535410,0.78,1,buy
1771618909724,1893456007535417,0.22,1,buy
1771618909724,1893456007535416,0.78,1,buy
1771618909724,1893456007535415,0.22,1,buy
1771618909724,1893456007535414,0.78,1,buy
1771618909752,1893456007535421,0.22,1,buy
1771618909752,1893456007535420,0.78,1,buy
1771618909752,1893456007535419,0.22,1,buy
1771618909752,1893456007535418,0.78,1,buy
1771618909777,1893456007535425,0.22,1,buy
1771618909777,1893456007535424,0.78,1,buy
1771618909777,1893456007535423,0.22,1,buy
1771618909777,1893456007535422,0.78,1,buy
1771618909801,1893456007535429,0.22,1,buy
1771618909801,1893456007535428,0.78,1,buy
1771618909801,1893456007535427,0.22,1,buy
1771618909801,1893456007535426,0.78,1,buy
1771618909825,1893456007535433,0.22,1,buy
1771618909825,1893456007535432,0.78,1,buy
1771618909825,1893456007535431,0.22,1,buy
1771618909825,1893456007535430,0.78,1,buy
1771618909869,1893456007535435,0.22,1,buy
1771618909869,1893456007535434,0.78,1,buy
1771618909889,1893456007535437,0.22,1,buy
1771618909889,1893456007535436,0.78,1,buy
1771618909910,1893456007535439,0.22,1,buy
1771618909910,1893456007535438,0.78,1,buy
1771618909929,1893456007535441,0.22,1,buy
1771618909929,1893456007535440,0.78,1,buy
1771618909947,1893456007535443,0.22,1,buy
1771618909947,1893456007535442,0.78,1,buy
1771618909967,1893456007535445,0.22,1,buy
1771618909967,1893456007535444,0.78,1,buy
1771618909987,1893456007535447,0.22,1,buy
1771618909987,1893456007535446,0.78,1,buy
1771618910006,1893456007535449,0.22,1,buy
1771618910006,1893456007535448,0.78,1,buy
1771618910027,1893456007535451,0.22,1,buy
1771618910027,1893456007535450,0.78,1,buy
1771618910047,1893456007535453,0.22,1,buy
1771618910047,1893456007535452,0.78,1,buy
1771618910068,1893456007535455,0.22,1,buy
1771618910068,1893456007535454,0.78,1,buy
1771618910087,1893456007535457,0.22,1,buy
1771618910087,1893456007535456,0.78,1,buy
1771618910107,1893456007535459,0.22,1,buy
1771618910107,1893456007535458,0.78,1,buy
1771618910132,1893456007535461,0.22,1,buy
1771618910132,1893456007535460,0.78,1,buy
1771618910157,1893456007535463,0.22,1,buy
1771618910157,1893456007535462,0.78,1,buy
1771618910179,1893456007535465,0.22,1,buy
1771618910179,1893456007535464,0.78,1,buy
1771618910199,1893456007535467,0.22,1,buy
1771618910199,1893456007535466,0.78,1,buy
1771618910252,1893456007535471,0.22,1,buy
1771618910252,1893456007535470,0.78,1,buy
1771618910275,1893456007535473,0.22,1,buy
1771618910275,1893456007535472,0.78,1,buy
1771618910303,1893456007535475,0.22,1,buy
1771618910303,1893456007535474,0.78,1,buy
1771618910323,1893456007535477,0.22,1,buy
1771618910323,1893456007535476,0.78,1,buy
1771618910454,1893456007535479,0.22,1,buy
1771618910454,1893456007535478,0.78,1,buy
1771618910484,1893456007535481,0.22,1,buy
1771618910484,1893456007535480,0.78,1,buy
1771618910516,1893456007535483,0.22,1,buy
1771618910516,1893456007535482,0.78,1,buy
1771618910554,1893456007535485,0.22,1,buy
1771618910554,1893456007535484,0.78,1,buy
1771618910584,1893456007535487,0.22,1,buy
1771618910584,1893456007535486,0.78,1,buy
1771618910618,1893456007535489,0.22,1,buy
1771618910618,1893456007535488,0.78,1,buy
1771618910638,1893456007535491,0.22,1,buy
1771618910638,1893456007535490,0.78,1,buy
1771618910667,1893456007535493,0.22,1,buy
1771618910667,1893456007535492,0.78,1,buy
1771618910685,1893456007535495,0.22,1,buy
1771618910685,1893456007535494,0.78,1,buy
1771618910724,1893456007535497,0.22,1,buy
1771618910724,1893456007535496,0.78,1,buy
1771618910743,1893456007535499,0.22,1,buy
1771618910743,1893456007535498,0.78,1,buy
1771618910760,1893456007535501,0.22,1,buy
1771618910760,1893456007535500,0.78,1,buy
1771618910786,1893456007535503,0.22,1,buy
1771618910786,1893456007535502,0.78,1,buy
1771618910804,1893456007535505,0.22,1,buy
1771618910804,1893456007535504,0.78,1,buy
1771618910826,1893456007535507,0.22,1,buy
1771618910826,1893456007535506,0.78,1,buy
1771618910846,1893456007535509,0.22,1,buy
1771618910846,1893456007535508,0.78,1,buy
1771618910864,1893456007535511,0.22,1,buy
1771618910864,1893456007535510,0.78,1,buy
1771618910887,1893456007535513,0.22,1,buy
1771618910887,1893456007535512,0.78,1,buy
1771618910905,1893456007535515,0.22,1,buy
1771618910905,1893456007535514,0.78,1,buy
1771618910927,1893456007535517,0.22,1,buy
1771618910927,1893456007535516,0.78,1,buy
1771618910946,1893456007535519,0.22,1,buy
1771618910946,1893456007535518,0.78,1,buy
1771618910966,1893456007535521,0.22,1,buy
1771618910966,1893456007535520,0.78,1,buy
1771618911744,1893456007535523,0.22,1,buy
1771618911744,1893456007535522,0.78,1,buy
1771618911796,1893456007535525,0.22,1,buy
1771618911796,1893456007535524,0.78,1,buy
1771618911840,1893456007535527,0.22,1,buy
1771618911840,1893456007535526,0.78,1,buy
1771618911862,1893456007535529,0.22,1,buy
1771618911862,1893456007535528,0.78,1,buy
1771618911881,1893456007535531,0.22,1,buy
1771618911881,1893456007535530,0.78,1,buy
1771618911899,1893456007535533,0.22,1,buy
1771618911899,1893456007535532,0.78,1,buy
1771618911934,1893456007535535,0.22,1,buy
1771618911934,1893456007535534,0.78,1,buy
1771618911959,1893456007535537,0.22,1,buy
1771618911959,1893456007535536,0.78,1,buy
1771618911994,1893456007535539,0.22,1,buy
1771618911994,1893456007535538,0.78,1,buy
1771618912018,1893456007535541,0.22,1,buy
1771618912018,1893456007535540,0.78,1,buy
1771618912039,1893456007535543,0.22,1,buy
1771618912039,1893456007535542,0.78,1,buy
1771618912060,1893456007535545,0.22,1,buy
1771618912060,1893456007535544,0.78,1,buy
1771618912086,1893456007535547,0.22,1,buy
1771618912086,1893456007535546,0.78,1,buy
1771618912144,1893456007535549,0.22,1,buy
1771618912144,1893456007535548,0.78,1,buy
1771618912186,1893456007535551,0.22,1,buy
1771618912186,1893456007535550,0.78,1,buy
1771618912224,1893456007535553,0.22,1,buy
1771618912224,1893456007535552,0.78,1,buy
1771618912246,1893456007535555,0.22,1,buy
1771618912246,1893456007535554,0.78,1,buy
1771618912291,1893456007535557,0.22,1,buy
1771618912291,1893456007535556,0.78,1,buy
1771618912294,1893456007535561,0.22,2,buy
1771618912294,1893456007535560,0.78,2,buy
1771618912294,1893456007535559,0.22,2,buy
1771618912294,1893456007535558,0.78,2,buy
1771618912351,1893456007535563,0.22,1,buy
1771618912351,1893456007535562,0.78,1,buy
1771618912354,1893456007535565,0.22,2,buy
1771618912354,1893456007535564,0.78,2,buy
1771618912376,1893456007535569,0.22,1,buy
1771618912376,1893456007535568,0.78,1,buy
1771618912376,1893456007535567,0.22,2,buy
1771618912376,1893456007535566,0.78,2,buy
1771618912399,1893456007535571,0.22,2,buy
1771618912399,1893456007535570,0.78,2,buy
1771618912400,1893456007535573,0.22,1,buy
1771618912400,1893456007535572,0.78,1,buy
1771618912423,1893456007535577,0.22,2,buy
1771618912423,1893456007535576,0.78,2,buy
1771618912423,1893456007535575,0.22,1,buy
1771618912423,1893456007535574,0.78,1,buy
1771618912449,1893456007535579,0.22,2,buy
1771618912449,1893456007535578,0.78,2,buy
1771618912454,1893456007535581,0.22,1,buy
1771618912454,1893456007535580,0.78,1,buy
1771619441828,1893456007535613,0.4,1,buy
1771619441828,1893456007535612,0.39,1,buy
1771619441828,1893456007535611,0.6,1,buy
1771619441828,1893456007535610,0.61,1,buy
1771619441864,1893456007535617,0.6,1,buy
1771619441864,1893456007535616,0.4,1,buy
1771619441864,1893456007535615,0.6,1,buy
1771619441864,1893456007535614,0.4,1,buy
1771619441886,1893456007535619,0.6,1,buy
1771619441886,1893456007535618,0.4,1,buy
1771619441894,1893456007535621,0.6,1,buy
1771619441894,1893456007535620,0.4,1,buy
1771619441915,1893456007535623,0.6,1,buy
1771619441915,1893456007535622,0.4,1,buy
1771619441923,1893456007535625,0.6,1,buy
1771619441923,1893456007535624,0.4,1,buy
1771619441954,1893456007535629,0.6,1,buy
1771619441954,1893456007535628,0.4,1,buy
1771619441954,1893456007535627,0.6,1,buy
1771619441954,1893456007535626,0.4,1,buy
1771619577295,1893456007535635,0.22,500,buy
1771619577295,1893456007535634,0.78,500,buy
1771619846766,1893456007535649,0.24,200,buy
1771619846766,1893456007535648,0.76,200,buy
1771620168095,1893456007535675,0.9,276,buy
1771620168095,1893456007535674,0.9,276,sell
1771620277653,1893456007535679,0.9,224,buy
1771620277653,1893456007535678,0.9,224,sell
