timestamp_ms,tid,price,amount,type
1772316140796,1893456007680916,0.19,145,buy
1772316140796,1893456007680915,0.81,145,buy
1772316215279,1893456007680956,0.84,157,buy
1772316215279,1893456007680955,0.83,200,buy
1772316215279,1893456007680954,0.16,157,buy
1772316215279,1893456007680953,0.17,200,buy
1772316226536,1893456007680970,0.18,200,buy
1772316226536,1893456007680969,0.82,200,buy
1772316233265,1893456007680976,0.18,165,buy
1772316233265,1893456007680975,0.82,165,buy
1772316234869,1893456007680989,0.8,370,buy
1772316234869,1893456007680988,0.2,170,buy
1772316234869,1893456007680987,0.2,200,buy
1772316294897,1893456007681046,0.21,200,buy
1772316294897,1893456007681045,0.79,200,buy
1772316340343,1893456007681117,0.21,200,buy
1772316340343,1893456007681116,0.79,200,buy
1772316357857,1893456007681148,0.21,200,buy
1772316357857,1893456007681147,0.79,200,buy
1772316629585,1893456007681281,0.18,250,buy
1772316629585,1893456007681280,0.82,250,buy
1772316684748,1893456007681293,0.18,1,buy
1772316684748,1893456007681292,0.82,1,buy
1772316688255,1893456007681295,0.82,199,buy
1772316688255,1893456007681294,0.18,199,buy
1772316688728,1893456007681297,0.18,166,buy
1772316688728,1893456007681296,0.82,166,buy
1772316688922,1893456007681301,0.82,165,buy
1772316688922,1893456007681300,0.81,200,buy
1772316688922,1893456007681299,0.18,165,buy
1772316688922,1893456007681298,0.19,200,buy
1772316763897,1893456007681332,0.21,200,buy
1772316763897,1893456007681331,0.79,200,buy
1772317331914,1893456007681477,0.22,20,buy
1772317331914,1893456007681476,0.78,20,buy
1772317401571,1893456007681504,0.3,10,buy
1772317401571,1893456007681503,0.7,10,buy
1772317798866,1893456007681600,0.21,2,buy
1772317798866,1893456007681599,0.79,2,buy
1772318077055,1893456007681750,0.5,25,buy
1772318077055,1893456007681749,0.5,25,buy
1772318152970,1893456007681800,0.31,200,buy
1772318152970,1893456007681799,0.69,200,buy
1772318153007,1893456007681802,0.31,234,buy
1772318153007,1893456007681801,0.69,234,buy
1772318250204,1893456007681840,0.25,200,buy
1772318250204,1893456007681839,0.75,200,buy
1772318251798,1893456007681844,0.25,200,buy
1772318251798,1893456007681843,0.75,200,buy
1772318262437,1893456007681862,0.29,20,buy
1772318262437,1893456007681861,0.29,20,sell
1772318282600,1893456007681916,0.16,61,buy
1772318282600,1893456007681915,0.84,61,buy
1772318296434,1893456007681938,0.21,379,buy
1772318296434,1893456007681937,0.79,379,buy
1772318420264,1893456007681994,0.29,110,buy
1772318420264,1893456007681993,0.71,110,buy
1772318427605,1893456007682002,0.61,4,buy
1772318427605,1893456007682001,0.39,4,buy
1772318524496,1893456007682083,0.5,8,buy
1772318524496,1893456007682082,0.5,8,buy
1772318591148,1893456007682137,0.46,35,buy
1772318591148,1893456007682136,0.54,20,buy
1772318591148,1893456007682135,0.54,15,buy
1772318591175,1893456007682139,0.54,15,buy
1772318591175,1893456007682138,0.46,15,buy
1772318591235,1893456007682141,0.54,20,buy
1772318591235,1893456007682140,0.46,20,buy
1772318591308,1893456007682145,0.54,20,buy
1772318591308,1893456007682144,0.46,20,buy
1772318591408,1893456007682147,0.54,20,buy
1772318591408,1893456007682146,0.46,20,buy
1772318636068,1893456007682178,0.33,200,buy
1772318636068,1893456007682177,0.67,200,buy
1772318636094,1893456007682180,0.33,247,buy
1772318636094,1893456007682179,0.67,247,buy
1772318671466,1893456007682194,0.34,54,buy
1772318671466,1893456007682193,0.66,54,buy
1772318671466,1893456007682192,0.34,400,buy
1772318671466,1893456007682191,0.66,400,buy
1772318672424,1893456007682196,0.35,200,buy
1772318672424,1893456007682195,0.65,200,buy
1772318770935,1893456007682269,0.3,200,buy
1772318770935,1893456007682268,0.7,200,buy
1772318770968,1893456007682271,0.3,228,buy
1772318770968,1893456007682270,0.7,228,buy
1772318833487,1893456007682316,0.83,257,buy
1772318833487,1893456007682315,0.17,257,buy
1772318841028,1893456007682324,0.15,200,buy
1772318841028,1893456007682323,0.85,200,buy
1772318841853,1893456007682326,0.15,152,buy
1772318841853,1893456007682325,0.85,152,buy
1772318842079,1893456007682330,0.85,152,buy
1772318842079,1893456007682329,0.84,200,buy
1772318842079,1893456007682328,0.15,152,buy
1772318842079,1893456007682327,0.16,200,buy
1772318849814,1893456007682339,0.88,340,buy
1772318849814,1893456007682338,0.12,140,buy
1772318849814,1893456007682337,0.12,200,buy
1772318850224,1893456007682342,0.87,340,buy
1772318850224,1893456007682341,0.13,140,buy
1772318850224,1893456007682340,0.13,200,buy
1772318850654,1893456007682348,0.88,340,buy
1772318850654,1893456007682347,0.12,340,buy
1772318852213,1893456007682350,0.12,200,buy
1772318852213,1893456007682349,0.88,200,buy
1772318887626,1893456007682360,0.91,171,sell
1772318887626,1893456007682359,0.91,171,buy
1772318934807,1893456007682393,0.86,57,buy
1772318934807,1893456007682392,0.14,57,buy
1772318939587,1893456007682397,0.15,200,buy
1772318939587,1893456007682396,0.85,200,buy
1772318941926,1893456007682399,0.16,200,buy
1772318941926,1893456007682398,0.84,200,buy
1772318942267,1893456007682401,0.16,157,buy
1772318942267,1893456007682400,0.84,157,buy
1772319143517,1893456007682558,0.52,20,buy
1772319143517,1893456007682557,0.48,20,buy
1772319147717,1893456007682562,0.49,200,buy
1772319147717,1893456007682561,0.51,200,buy
1772319180406,1893456007682567,0.5,35,buy
1772319180406,1893456007682566,0.5,15,buy
1772319180406,1893456007682565,0.5,20,buy
1772319180464,1893456007682569,0.5,15,buy
1772319180464,1893456007682568,0.5,15,buy
1772319180505,1893456007682571,0.5,20,buy
1772319180505,1893456007682570,0.5,20,buy
1772319183061,1893456007682574,0.51,35,buy
1772319183061,1893456007682573,0.49,15,buy
1772319183061,1893456007682572,0.49,20,buy
1772319183104,1893456007682576,0.49,15,buy
1772319183104,1893456007682575,0.51,15,buy
1772319183152,1893456007682578,0.49,20,buy
1772319183152,1893456007682577,0.51,20,buy
1772319183248,1893456007682580,0.49,20,buy
1772319183248,1893456007682579,0.51,20,buy
1772319189347,1893456007682582,0.51,20,buy
1772319189347,1893456007682581,0.49,20,buy
1772319217027,1893456007682606,0.56,20,buy
1772319217027,1893456007682605,0.44,20,buy
1772319234176,1893456007682611,0.56,35,buy
1772319234176,1893456007682610,0.44,20,buy
1772319234176,1893456007682609,0.44,15,buy
1772319234204,1893456007682613,0.44,15,buy
1772319234204,1893456007682612,0.56,15,buy
1772319277100,1893456007682617,0.65,7,buy
1772319277100,1893456007682616,0.35,7,buy
1772319290358,1893456007682620,0.57,35,buy
1772319290358,1893456007682619,0.43,20,buy
1772319290358,1893456007682618,0.43,15,buy
1772319319037,1893456007682622,0.59,5,buy
1772319319037,1893456007682621,0.41,5,buy
1772319330349,1893456007682626,0.37,200,buy
1772319330349,1893456007682625,0.63,200,buy
1772319330772,1893456007682628,0.37,550,buy
1772319330772,1893456007682627,0.63,550,buy
1772319340553,1893456007682630,0.48,50,buy
1772319340553,1893456007682629,0.52,50,buy
1772319359727,1893456007682636,0.31,200,buy
1772319359727,1893456007682635,0.69,200,buy
1772319361038,1893456007682638,0.3,200,buy
1772319361038,1893456007682637,0.7,200,buy
1772319362465,1893456007682641,0.75,379,buy
1772319362465,1893456007682640,0.25,179,buy
1772319362465,1893456007682639,0.25,200,buy
1772319362574,1893456007682645,0.76,158,buy
1772319362574,1893456007682644,0.75,221,buy
1772319362574,1893456007682643,0.24,158,buy
1772319362574,1893456007682642,0.25,221,buy
1772319362704,1893456007682647,0.76,379,buy
1772319362704,1893456007682646,0.24,379,buy
1772319362794,1893456007682649,0.78,379,buy
1772319362794,1893456007682648,0.22,379,buy
1772319364274,1893456007682653,0.78,200,buy
1772319364274,1893456007682652,0.22,200,buy
1772319367049,1893456007682655,0.21,200,buy
1772319367049,1893456007682654,0.79,200,buy
1772319367209,1893456007682658,0.25,35,buy
1772319367209,1893456007682657,0.75,20,buy
1772319367209,1893456007682656,0.75,15,buy
1772319367432,1893456007682660,0.26,405,buy
1772319367432,1893456007682659,0.74,405,buy
1772319367618,1893456007682662,0.29,27,buy
1772319367618,1893456007682661,0.71,27,buy
1772319367624,1893456007682668,0.73,37,buy
1772319367624,1893456007682667,0.72,200,buy
1772319367624,1893456007682666,0.71,173,buy
1772319367624,1893456007682665,0.27,37,buy
1772319367624,1893456007682664,0.28,200,buy
1772319367624,1893456007682663,0.29,173,buy
1772319367824,1893456007682672,0.73,210,buy
1772319367824,1893456007682671,0.72,200,buy
1772319367824,1893456007682670,0.27,210,buy
1772319367824,1893456007682669,0.28,200,buy
1772319367904,1893456007682674,0.73,200,buy
1772319367904,1893456007682673,0.27,200,buy
1772319367927,1893456007682676,0.27,210,buy
1772319367927,1893456007682675,0.73,210,buy
1772319368106,1893456007682678,0.27,200,buy
1772319368106,1893456007682677,0.73,200,buy
1772319368143,1893456007682680,0.27,200,buy
1772319368143,1893456007682679,0.73,200,buy
1772319389149,1893456007682728,0.27,13,buy
1772319389149,1893456007682727,0.73,13,buy
1772319396209,1893456007682730,0.36,2,buy
1772319396209,1893456007682729,0.36,2,sell
1772319423137,1893456007682736,0.55,50,buy
1772319423137,1893456007682735,0.45,50,buy
1772319429308,1893456007682740,0.61,200,buy
1772319429308,1893456007682739,0.39,200,buy
1772319429682,1893456007682743,0.61,491,buy
1772319429682,1893456007682742,0.39,291,buy
1772319429682,1893456007682741,0.39,200,buy
1772319430404,1893456007682745,0.39,200,buy
1772319430404,1893456007682744,0.61,200,buy
1772319438346,1893456007682747,0.38,200,buy
1772319438346,1893456007682746,0.62,200,buy
1772319438416,1893456007682749,0.38,283,buy
1772319438416,1893456007682748,0.62,283,buy
1772319438504,1893456007682753,0.62,83,buy
1772319438504,1893456007682752,0.61,400,buy
1772319438504,1893456007682751,0.38,83,buy
1772319438504,1893456007682750,0.39,400,buy
1772319438615,1893456007682755,0.61,200,buy
1772319438615,1893456007682754,0.39,200,buy
1772319440776,1893456007682757,0.38,27,sell
1772319440776,1893456007682756,0.38,27,buy
1772319445525,1893456007682759,0.61,5,buy
1772319445525,1893456007682758,0.39,5,buy
1772319449957,1893456007682763,0.61,7,buy
1772319449957,1893456007682762,0.39,7,buy
1772319462662,1893456007682765,0.43,50,buy
1772319462662,1893456007682764,0.57,50,buy
1772319490943,1893456007682769,0.63,33,buy
1772319490943,1893456007682768,0.37,33,buy
1772319497335,1893456007682771,0.64,32,buy
1772319497335,1893456007682770,0.36,32,buy
1772319516745,1893456007682773,0.3,15,buy
1772319516745,1893456007682772,0.7,15,buy
1772319518707,1893456007682775,0.76,25,buy
1772319518707,1893456007682774,0.24,25,buy
1772319518884,1893456007682777,0.75,50,buy
1772319518884,1893456007682776,0.25,50,buy
1772319522186,1893456007682779,0.72,50,buy
1772319522186,1893456007682778,0.28,50,buy
1772319524277,1893456007682781,0.35,149,buy
1772319524277,1893456007682780,0.65,149,buy
1772319543716,1893456007682787,0.78,216,buy
1772319543716,1893456007682786,0.22,216,buy
1772319546608,1893456007682789,0.86,13,buy
1772319546608,1893456007682788,0.86,13,sell
1772319558331,1893456007682791,0.14,149,buy
1772319558331,1893456007682790,0.14,149,sell
1772319561041,1893456007682793,0.74,58,buy
1772319561041,1893456007682792,0.26,58,buy
