timestamp_ms,tid,price,amount,type
1772902313685,1893456007806926,0.41,17,buy
1772902313685,1893456007806925,0.59,17,buy
1772902313690,1893456007806928,0.59,17,buy
1772902313690,1893456007806927,0.41,17,buy
1772902313701,1893456007806930,0.59,17,buy
1772902313701,1893456007806929,0.41,17,buy
1772902313706,1893456007806932,0.59,17,buy
1772902313706,1893456007806931,0.41,17,buy
1772902313807,1893456007806934,0.57,18,buy
1772902313807,1893456007806933,0.43,18,buy
1772902313814,1893456007806936,0.57,18,buy
1772902313814,1893456007806935,0.43,18,buy
1772902313834,1893456007806938,0.57,18,buy
1772902313834,1893456007806937,0.43,18,buy
1772902313844,1893456007806940,0.57,18,buy
1772902313844,1893456007806939,0.43,18,buy
1772902313847,1893456007806942,0.44,39,buy
1772902313847,1893456007806941,0.56,39,buy
1772902407155,1893456007806950,0.44,58,buy
1772902407155,1893456007806949,0.43,38,buy
1772902407155,1893456007806948,0.42,18,buy
1772902407155,1893456007806947,0.56,58,buy
1772902407155,1893456007806946,0.57,38,buy
1772902407155,1893456007806945,0.58,18,buy
1772902407159,1893456007806956,0.56,38,buy
1772902407159,1893456007806955,0.44,38,buy
1772902407159,1893456007806954,0.56,18,buy
1772902407159,1893456007806953,0.44,18,buy
1772902407159,1893456007806952,0.56,58,buy
1772902407159,1893456007806951,0.44,58,buy
1772902407164,1893456007806960,0.56,38,buy
1772902407164,1893456007806959,0.44,38,buy
1772902407164,1893456007806958,0.56,18,buy
1772902407164,1893456007806957,0.44,18,buy
1772902407174,1893456007806965,0.56,18,buy
1772902407174,1893456007806964,0.44,18,buy
1772902407174,1893456007806963,0.56,38,buy
1772902407174,1893456007806962,0.44,22,buy
1772902407174,1893456007806961,0.44,16,buy
1772902407185,1893456007806967,0.56,18,buy
1772902407185,1893456007806966,0.44,18,buy
1772902407197,1893456007806969,0.56,18,buy
1772902407197,1893456007806968,0.44,18,buy
1772902475482,1893456007806977,0.63,25,buy
1772902475482,1893456007806976,0.37,25,buy
1772902476473,1893456007806979,0.39,16,buy
1772902476473,1893456007806978,0.61,16,buy
1772902476484,1893456007806981,0.61,16,buy
1772902476484,1893456007806980,0.39,16,buy
1772902476494,1893456007806983,0.61,16,buy
1772902476494,1893456007806982,0.39,16,buy
1772902476514,1893456007806985,0.61,16,buy
1772902476514,1893456007806984,0.39,16,buy
1772902476520,1893456007806987,0.61,16,buy
1772902476520,1893456007806986,0.39,16,buy
1772902476524,1893456007806989,0.61,16,buy
1772902476524,1893456007806988,0.39,16,buy
1772902476530,1893456007806991,0.61,4,buy
1772902476530,1893456007806990,0.39,4,buy
1772902486164,1893456007806993,0.56,18,buy
1772902486164,1893456007806992,0.44,18,buy
1772902486174,1893456007806995,0.56,18,buy
1772902486174,1893456007806994,0.44,18,buy
1772902486184,1893456007806997,0.56,18,buy
1772902486184,1893456007806996,0.44,18,buy
1772902486194,1893456007806999,0.56,18,buy
1772902486194,1893456007806998,0.44,18,buy
1772902518697,1893456007807003,0.31,12,buy
1772902518697,1893456007807002,0.69,12,buy
1772902518703,1893456007807005,0.32,26,buy
1772902518703,1893456007807004,0.68,26,buy
1772902518706,1893456007807007,0.33,40,buy
1772902518706,1893456007807006,0.67,40,buy
1772902518714,1893456007807009,0.67,12,buy
1772902518714,1893456007807008,0.33,12,buy
1772902518724,1893456007807011,0.67,12,buy
1772902518724,1893456007807010,0.33,12,buy
1772902518725,1893456007807013,0.67,26,buy
1772902518725,1893456007807012,0.33,26,buy
1772902518733,1893456007807017,0.67,12,buy
1772902518733,1893456007807016,0.33,12,buy
1772902518733,1893456007807015,0.67,26,buy
1772902518733,1893456007807014,0.33,26,buy
1772902518739,1893456007807021,0.67,12,buy
1772902518739,1893456007807020,0.33,12,buy
1772902518739,1893456007807019,0.67,26,buy
1772902518739,1893456007807018,0.33,26,buy
1772902518744,1893456007807026,0.67,12,buy
1772902518744,1893456007807025,0.33,4,buy
1772902518744,1893456007807024,0.33,8,buy
1772902518744,1893456007807023,0.67,26,buy
1772902518744,1893456007807022,0.33,26,buy
1772902518754,1893456007807030,0.67,12,buy
1772902518754,1893456007807029,0.33,12,buy
1772902518754,1893456007807028,0.67,26,buy
1772902518754,1893456007807027,0.33,26,buy
1772902518764,1893456007807034,0.67,12,buy
1772902518764,1893456007807033,0.33,12,buy
1772902518764,1893456007807032,0.67,26,buy
1772902518764,1893456007807031,0.33,26,buy
1772902518784,1893456007807038,0.68,12,buy
1772902518784,1893456007807037,0.32,12,buy
1772902518784,1893456007807036,0.67,20,buy
1772902518784,1893456007807035,0.33,20,buy
1772902544882,1893456007807040,0.7,33,buy
1772902544882,1893456007807039,0.3,33,buy
1772902547165,1893456007807042,0.7,27,buy
1772902547165,1893456007807041,0.3,27,buy
1772902551660,1893456007807046,0.34,26,buy
1772902551660,1893456007807045,0.66,26,buy
1772902551660,1893456007807044,0.33,12,buy
1772902551660,1893456007807043,0.67,12,buy
1772902551684,1893456007807048,0.66,13,buy
1772902551684,1893456007807047,0.34,13,buy
1772902551694,1893456007807050,0.66,13,buy
1772902551694,1893456007807049,0.34,13,buy
1772902551715,1893456007807052,0.66,13,buy
1772902551715,1893456007807051,0.34,13,buy
1772902659165,1893456007807058,0.61,31,buy
1772902659165,1893456007807057,0.39,31,buy
1772902660542,1893456007807060,0.4,15,buy
1772902660542,1893456007807059,0.6,15,buy
1772902660547,1893456007807062,0.6,15,buy
1772902660547,1893456007807061,0.4,15,buy
1772902660563,1893456007807064,0.6,15,buy
1772902660563,1893456007807063,0.4,15,buy
1772902660574,1893456007807066,0.6,15,buy
1772902660574,1893456007807065,0.4,15,buy
1772902660584,1893456007807068,0.6,15,buy
1772902660584,1893456007807067,0.4,15,buy
1772902660594,1893456007807070,0.6,15,buy
1772902660594,1893456007807069,0.4,15,buy
1772902660604,1893456007807073,0.6,15,buy
1772902660604,1893456007807072,0.4,5,buy
1772902660604,1893456007807071,0.4,10,buy
1772902660614,1893456007807075,0.6,15,buy
1772902660614,1893456007807074,0.4,15,buy
1772902671537,1893456007807077,0.4,16,buy
1772902671537,1893456007807076,0.6,16,buy
1772902671552,1893456007807079,0.6,16,buy
1772902671552,1893456007807078,0.4,16,buy
1772902671564,1893456007807081,0.6,16,buy
1772902671564,1893456007807080,0.4,16,buy
1772902671574,1893456007807083,0.6,16,buy
1772902671574,1893456007807082,0.4,16,buy
1772902671583,1893456007807085,0.6,16,buy
1772902671583,1893456007807084,0.4,16,buy
1772902671594,1893456007807087,0.6,16,buy
1772902671594,1893456007807086,0.4,16,buy
1772902671604,1893456007807089,0.6,4,buy
1772902671604,1893456007807088,0.4,4,buy
1772902671846,1893456007807091,0.4,12,buy
1772902671846,1893456007807090,0.6,12,buy
1772902671871,1893456007807095,0.41,16,buy
1772902671871,1893456007807094,0.59,16,buy
1772902671874,1893456007807097,0.59,16,buy
1772902671874,1893456007807096,0.41,16,buy
1772902671884,1893456007807099,0.59,16,buy
1772902671884,1893456007807098,0.41,16,buy
1772902671892,1893456007807101,0.59,16,buy
1772902671892,1893456007807100,0.41,16,buy
1772902671896,1893456007807103,0.59,16,buy
1772902671896,1893456007807102,0.41,16,buy
1772902671904,1893456007807105,0.59,16,buy
1772902671904,1893456007807104,0.41,16,buy
1772902671979,1893456007807107,0.42,16,buy
1772902671979,1893456007807106,0.58,16,buy
1772902671994,1893456007807109,0.58,16,buy
1772902671994,1893456007807108,0.42,16,buy
1772902672004,1893456007807111,0.58,16,buy
1772902672004,1893456007807110,0.42,16,buy
1772902672012,1893456007807113,0.58,16,buy
1772902672012,1893456007807112,0.42,16,buy
1772902672024,1893456007807115,0.58,16,buy
1772902672024,1893456007807114,0.42,16,buy
1772902672041,1893456007807117,0.58,16,buy
1772902672041,1893456007807116,0.42,16,buy
1772902672045,1893456007807119,0.58,4,buy
1772902672045,1893456007807118,0.42,4,buy
1772902672093,1893456007807121,0.42,12,buy
1772902672093,1893456007807120,0.58,12,buy
1772902672103,1893456007807123,0.58,16,buy
1772902672103,1893456007807122,0.42,16,buy
1772902672108,1893456007807125,0.43,35,buy
1772902672108,1893456007807124,0.57,35,buy
1772902672114,1893456007807127,0.57,16,buy
1772902672114,1893456007807126,0.43,16,buy
1772902672124,1893456007807133,0.58,2,buy
1772902672124,1893456007807132,0.57,14,buy
1772902672124,1893456007807131,0.42,2,buy
1772902672124,1893456007807130,0.43,14,buy
1772902672124,1893456007807129,0.57,35,buy
1772902672124,1893456007807128,0.43,35,buy
1772902672134,1893456007807135,0.58,16,buy
1772902672134,1893456007807134,0.42,16,buy
1772902672183,1893456007807139,0.47,35,buy
1772902672183,1893456007807138,0.46,16,buy
1772902672183,1893456007807137,0.53,35,buy
1772902672183,1893456007807136,0.54,16,buy
1772902672192,1893456007807143,0.53,14,buy
1772902672192,1893456007807142,0.47,14,buy
1772902672192,1893456007807141,0.53,35,buy
1772902672192,1893456007807140,0.47,35,buy
1772902672196,1893456007807145,0.46,2,buy
1772902672196,1893456007807144,0.54,2,buy
1772902672214,1893456007807147,0.54,16,buy
1772902672214,1893456007807146,0.46,16,buy
1772902672224,1893456007807149,0.54,16,buy
1772902672224,1893456007807148,0.46,16,buy
1772902672234,1893456007807151,0.54,16,buy
1772902672234,1893456007807150,0.46,16,buy
1772902672244,1893456007807153,0.54,16,buy
1772902672244,1893456007807152,0.46,16,buy
1772902672254,1893456007807155,0.54,16,buy
1772902672254,1893456007807154,0.46,16,buy
1772902672264,1893456007807157,0.54,16,buy
1772902672264,1893456007807156,0.46,16,buy
1772902672272,1893456007807159,0.54,16,buy
1772902672272,1893456007807158,0.46,16,buy
1772902672276,1893456007807161,0.54,16,buy
1772902672276,1893456007807160,0.46,16,buy
1772902672336,1893456007807163,0.46,16,buy
1772902672336,1893456007807162,0.54,16,buy
1772902682185,1893456007807169,0.61,39,buy
1772902682185,1893456007807168,0.39,39,buy
1772902682185,1893456007807167,0.61,25,buy
1772902682185,1893456007807166,0.39,25,buy
1772902682185,1893456007807165,0.61,12,buy
1772902682185,1893456007807164,0.39,12,buy
1772902682362,1893456007807173,0.61,21,buy
1772902682362,1893456007807172,0.39,21,buy
1772902682362,1893456007807171,0.61,45,buy
1772902682362,1893456007807170,0.39,45,buy
1772902682387,1893456007807177,0.61,26,buy
1772902682387,1893456007807176,0.39,26,buy
1772902682387,1893456007807175,0.61,13,buy
1772902682387,1893456007807174,0.39,13,buy
1772902682396,1893456007807183,0.69,13,buy
1772902682396,1893456007807182,0.31,13,buy
1772902682396,1893456007807181,0.69,7,buy
1772902682396,1893456007807180,0.61,19,buy
1772902682396,1893456007807179,0.31,7,buy
1772902682396,1893456007807178,0.39,19,buy
1772902682407,1893456007807187,0.69,13,buy
1772902682407,1893456007807186,0.31,13,buy
1772902682407,1893456007807185,0.69,26,buy
1772902682407,1893456007807184,0.31,26,buy
1772902682417,1893456007807189,0.69,26,buy
1772902682417,1893456007807188,0.31,26,buy
1772902682423,1893456007807193,0.69,13,buy
1772902682423,1893456007807192,0.31,13,buy
1772902682423,1893456007807191,0.69,26,buy
1772902682423,1893456007807190,0.31,26,buy
1772902682432,1893456007807197,0.69,13,buy
1772902682432,1893456007807196,0.31,13,buy
1772902682432,1893456007807195,0.69,26,buy
1772902682432,1893456007807194,0.31,26,buy
1772902682439,1893456007807203,0.75,2,buy
1772902682439,1893456007807202,0.69,11,buy
1772902682439,1893456007807201,0.25,2,buy
1772902682439,1893456007807200,0.31,11,buy
1772902682439,1893456007807199,0.69,26,buy
1772902682439,1893456007807198,0.31,26,buy
1772902682444,1893456007807205,0.75,3,buy
1772902682444,1893456007807204,0.25,3,buy
1772902684385,1893456007807207,0.85,31,buy
1772902684385,1893456007807206,0.15,31,buy
1772902686607,1893456007807209,0.84,51,buy
1772902686607,1893456007807208,0.16,51,buy
1772902689230,1893456007807211,0.85,90,buy
1772902689230,1893456007807210,0.15,90,buy
1772902691485,1893456007807213,0.85,9,buy
1772902691485,1893456007807212,0.15,9,buy
