timestamp_ms,tid,price,amount,type
1772892257536,1893456007803575,0.3,31,buy
1772892258806,1893456007803577,0.28,5,sell
1772892272736,1893456007803579,0.29,15,sell
1772892356607,1893456007803595,0.22,10,sell
1772892511896,1893456007803635,0.21,75,buy
1772892717960,1893456007803677,0.02,5,sell
1772892889862,1893456007803700,0.1,10,sell
1772892978745,1893456007803721,0.13,63,buy
1772893198437,1893456007803730,0.2,40,buy
1772893198437,1893456007803729,0.19,8,buy
1772894237896,1893456007803802,0.12,6,sell
1772894317541,1893456007803810,0.2,30,buy
1772894332827,1893456007803814,0.22,30,buy
1772894332830,1893456007803816,0.23,30,buy
1772894332864,1893456007803818,0.23,30,sell
1772894332884,1893456007803820,0.23,30,sell
1772894332921,1893456007803822,0.23,10,sell
1772894334218,1893456007803824,0.24,30,buy
1772894338293,1893456007803826,0.25,30,buy
1772894343592,1893456007803828,0.25,30,buy
1772894343658,1893456007803830,0.25,30,sell
1772894343722,1893456007803832,0.25,30,sell
1772894343795,1893456007803834,0.25,10,sell
1772894363073,1893456007803842,0.23,30,buy
1772894363141,1893456007803844,0.23,30,sell
1772894363214,1893456007803846,0.23,30,sell
1772894363265,1893456007803849,0.23,20,sell
1772894363265,1893456007803848,0.23,10,sell
1772894363309,1893456007803851,0.23,30,sell
1772894363344,1893456007803853,0.23,30,sell
1772894363400,1893456007803855,0.23,30,sell
1772894363405,1893456007803857,0.24,30,buy
1772894363453,1893456007803859,0.23,30,sell
1772894363771,1893456007803861,0.24,30,buy
1772894363795,1893456007803863,0.24,30,sell
1772894363834,1893456007803865,0.24,30,sell
1772894364080,1893456007803867,0.25,30,buy
1772894364097,1893456007803869,0.25,30,sell
1772894364118,1893456007803871,0.25,30,sell
1772894364157,1893456007803873,0.25,10,sell
1772894364506,1893456007803875,0.25,30,sell
1772894364569,1893456007803877,0.25,30,sell
1772894364623,1893456007803879,0.25,30,sell
1772894364664,1893456007803881,0.25,10,sell
1772894364824,1893456007803883,0.25,30,sell
1772894364864,1893456007803885,0.25,30,sell
1772894365443,1893456007803887,0.25,30,buy
1772894365478,1893456007803889,0.25,30,sell
1772894365502,1893456007803893,0.27,30,buy
1772894365502,1893456007803892,0.26,30,buy
1772894365502,1893456007803891,0.25,30,buy
1772894365572,1893456007803897,0.27,30,sell
1772894365604,1893456007803899,0.27,30,sell
1772894365630,1893456007803901,0.27,30,sell
1772894365643,1893456007803903,0.28,30,buy
1772894365650,1893456007803905,0.28,30,sell
1772894365687,1893456007803907,0.28,30,sell
1772894365706,1893456007803909,0.28,10,sell
1772894365728,1893456007803911,0.28,20,buy
1772894365791,1893456007803913,0.29,30,buy
1772894374279,1893456007803915,0.32,30,buy
1772894374309,1893456007803917,0.32,30,sell
1772894374344,1893456007803919,0.32,30,sell
1772894374379,1893456007803921,0.32,10,sell
1772894374787,1893456007803923,0.32,30,buy
1772894374814,1893456007803925,0.32,30,sell
1772894374864,1893456007803927,0.32,30,sell
1772894374884,1893456007803929,0.32,10,sell
1772894375181,1893456007803931,0.33,30,buy
1772894378142,1893456007803933,0.44,30,buy
1772894378161,1893456007803935,0.45,30,sell
1772894378182,1893456007803937,0.45,30,sell
1772894378214,1893456007803939,0.45,10,sell
1772894378253,1893456007803943,0.45,20,buy
1772894379378,1893456007803951,0.53,30,sell
1772894379378,1893456007803950,0.54,30,sell
1772894379378,1893456007803949,0.55,30,sell
1772894379548,1893456007803956,0.53,30,sell
1772894379548,1893456007803955,0.54,30,sell
1772894379897,1893456007803961,0.53,6,buy
1772894380344,1893456007803963,0.56,30,buy
1772894380432,1893456007803965,0.56,30,buy
1772894385505,1893456007803967,0.6,6,buy
1772894432892,1893456007803973,0.58,6,buy
1772894469303,1893456007803977,0.57,5,buy
1772894483817,1893456007803979,0.65,5,sell
1772894520279,1893456007803981,0.62,30,buy
1772894520320,1893456007803983,0.61,30,sell
1772894520354,1893456007803985,0.61,30,sell
1772894520391,1893456007803987,0.61,30,sell
1772894588071,1893456007804131,0.59,5,sell
1772894593434,1893456007804133,0.59,11,sell
1772894620917,1893456007804135,0.59,5,sell
1772894621025,1893456007804138,0.58,70,sell
1772894621025,1893456007804137,0.58,30,sell
1772894621163,1893456007804140,0.58,100,sell
1772894794047,1893456007804148,0.59,5,buy
1772894818054,1893456007804152,0.64,14,buy
1772894820577,1893456007804154,0.62,5,sell
1772894820742,1893456007804156,0.6,30,sell
1772894881127,1893456007804160,0.51,30,sell
1772894881167,1893456007804162,0.51,30,buy
1772894881214,1893456007804164,0.51,30,buy
1772894881217,1893456007804166,0.5,30,sell
1772894883153,1893456007804172,0.47,30,sell
1772894883194,1893456007804174,0.47,30,buy
1772894883233,1893456007804176,0.47,30,buy
1772894883280,1893456007804179,0.46,30,sell
1772894883280,1893456007804178,0.47,30,sell
1772894883304,1893456007804182,0.46,30,buy
1772894883334,1893456007804184,0.46,10,buy
1772894883440,1893456007804186,0.46,20,sell
1772894885068,1893456007804193,0.45,103,buy
1772894885068,1893456007804192,0.44,100,buy
1772894969896,1893456007804322,0.51,5,sell
1772894980655,1893456007804326,0.6,30,buy
1772894980821,1893456007804328,0.61,30,buy
1772894980865,1893456007804332,0.61,30,sell
1772894980910,1893456007804336,0.61,30,sell
1772894980944,1893456007804338,0.61,30,sell
1772894980984,1893456007804340,0.61,30,sell
1772894981009,1893456007804343,0.61,20,sell
1772894981009,1893456007804342,0.61,10,sell
1772894981045,1893456007804345,0.61,30,sell
1772894981046,1893456007804347,0.62,30,buy
1772894981066,1893456007804349,0.62,30,sell
1772894990528,1893456007804391,0.62,5,sell
1772894990577,1893456007804393,0.61,30,sell
1772894990598,1893456007804395,0.61,30,buy
1772894995606,1893456007804417,0.58,10,sell
1772895004753,1893456007804453,0.62,10,sell
1772895034195,1893456007804457,0.77,63,buy
1772895043734,1893456007804478,0.74,30,sell
1772895043734,1893456007804477,0.75,30,sell
1772895043771,1893456007804481,0.74,30,buy
1772895043789,1893456007804484,0.74,20,buy
1772895043789,1893456007804483,0.74,10,buy
1772895043814,1893456007804486,0.74,30,buy
1772895043838,1893456007804488,0.74,30,buy
1772895043859,1893456007804490,0.74,20,buy
1772895044665,1893456007804492,0.71,100,sell
1772895044737,1893456007804494,0.71,100,sell
1772895044952,1893456007804496,0.71,81,sell
1772895053227,1893456007804498,0.63,30,sell
1772895189283,1893456007804514,0.63,30,sell
1772895189299,1893456007804516,0.63,30,buy
1772895189334,1893456007804518,0.63,30,buy
1772895189359,1893456007804520,0.63,10,buy
1772895189678,1893456007804523,0.62,30,sell
1772895189678,1893456007804522,0.63,20,sell
1772895189702,1893456007804526,0.62,30,buy
1772895189767,1893456007804528,0.61,30,sell
1772895189794,1893456007804530,0.61,30,buy
1772895189823,1893456007804532,0.61,30,buy
1772895189854,1893456007804534,0.61,10,buy
1772895189947,1893456007804536,0.61,20,sell
1772895189974,1893456007804538,0.61,30,buy
1772895190018,1893456007804540,0.61,30,buy
1772895271719,1893456007804566,0.74,25,sell
1772895301581,1893456007804568,0.71,30,sell
1772895301614,1893456007804570,0.71,30,buy
1772895301727,1893456007804574,0.68,30,sell
1772895301727,1893456007804573,0.69,30,sell
1772895301727,1893456007804572,0.7,30,sell
1772895301754,1893456007804579,0.7,20,buy
1772895301754,1893456007804578,0.67,10,buy
1772895329628,1893456007804582,0.72,36,buy
1772895332438,1893456007804584,0.71,30,sell
1772895332441,1893456007804586,0.7,30,sell
1772895332455,1893456007804588,0.7,30,buy
1772895332478,1893456007804590,0.7,30,buy
1772895332504,1893456007804592,0.7,30,buy
1772895332561,1893456007804594,0.69,30,buy
1772895340833,1893456007804601,0.65,30,sell
1772895340833,1893456007804600,0.66,30,sell
1772895340872,1893456007804604,0.65,30,buy
1772895340884,1893456007804606,0.65,10,buy
1772895348477,1893456007804608,0.77,63,sell
1772895358246,1893456007804620,0.77,6,buy
1772895362026,1893456007804622,0.75,30,sell
1772895362094,1893456007804626,0.74,30,buy
1772895362094,1893456007804624,0.74,30,sell
1772895362150,1893456007804628,0.74,30,buy
1772895362167,1893456007804631,0.74,20,buy
1772895362167,1893456007804630,0.74,10,buy
1772895362211,1893456007804633,0.74,30,buy
1772895363319,1893456007804635,0.75,10,sell
1772895367356,1893456007804637,0.73,30,sell
1772895367406,1893456007804639,0.73,30,buy
1772895367464,1893456007804641,0.72,30,sell
1772895367508,1893456007804643,0.72,30,buy
1772895367550,1893456007804645,0.72,30,buy
1772895367603,1893456007804647,0.72,10,buy
1772895367786,1893456007804649,0.73,30,buy
1772895367856,1893456007804651,0.73,30,buy
1772895367899,1893456007804653,0.73,30,buy
1772895367922,1893456007804655,0.73,30,buy
1772895367954,1893456007804657,0.73,30,buy
1772895367977,1893456007804659,0.73,30,buy
1772895368016,1893456007804661,0.73,3,buy
1772895368671,1893456007804663,0.72,20,sell
1772895368709,1893456007804665,0.72,30,buy
1772895368738,1893456007804667,0.72,30,buy
1772895368760,1893456007804669,0.72,20,buy
1772895369383,1893456007804671,0.71,30,sell
1772895369405,1893456007804673,0.71,30,buy
1772895369425,1893456007804675,0.71,30,buy
1772895369464,1893456007804677,0.71,10,buy
1772895369879,1893456007804679,0.71,20,sell
1772895369948,1893456007804681,0.71,30,buy
1772895392495,1893456007804683,0.75,63,buy
