timestamp_ms,tid,price,amount,type
1772301751897,1893456007675004,0.15,95,buy
1772301751897,1893456007675003,0.85,95,buy
1772301773738,1893456007675085,0.18,800,buy
1772301773738,1893456007675084,0.17,600,buy
1772301773738,1893456007675083,0.16,600,buy
1772301773738,1893456007675082,0.82,800,buy
1772301773738,1893456007675081,0.83,600,buy
1772301773738,1893456007675080,0.84,400,buy
1772301773738,1893456007675079,0.84,200,buy
1772301796664,1893456007675091,0.9,200,buy
1772301796664,1893456007675090,0.1,200,buy
1772301798337,1893456007675112,0.11,337,buy
1772301798337,1893456007675111,0.89,337,buy
1772301798619,1893456007675114,0.9,333,buy
1772301798619,1893456007675113,0.1,333,buy
1772301798692,1893456007675117,0.9,267,buy
1772301798692,1893456007675116,0.1,200,buy
1772301798692,1893456007675115,0.1,67,buy
1772301798966,1893456007675119,0.1,66,buy
1772301798966,1893456007675118,0.9,66,buy
1772301800978,1893456007675130,0.19,200,buy
1772301800978,1893456007675129,0.18,1000,buy
1772301800978,1893456007675128,0.17,200,buy
1772301800978,1893456007675127,0.11,337,buy
1772301800978,1893456007675126,0.81,200,buy
1772301800978,1893456007675125,0.82,600,buy
1772301800978,1893456007675124,0.82,400,buy
1772301800978,1893456007675123,0.83,200,buy
1772301800978,1893456007675122,0.89,337,buy
1772301801073,1893456007675134,0.11,137,buy
1772301801073,1893456007675133,0.89,137,buy
1772301801073,1893456007675132,0.11,200,buy
1772301801073,1893456007675131,0.89,200,buy
1772301802291,1893456007675136,0.11,200,buy
1772301802291,1893456007675135,0.89,200,buy
1772301804308,1893456007675144,0.91,129,buy
1772301804308,1893456007675143,0.9,200,buy
1772301804308,1893456007675142,0.09,129,buy
1772301804308,1893456007675141,0.1,200,buy
1772301804380,1893456007675146,0.91,329,buy
1772301804380,1893456007675145,0.09,329,buy
1772301804453,1893456007675149,0.91,329,buy
1772301804453,1893456007675148,0.09,187,buy
1772301804453,1893456007675147,0.09,142,buy
1772301804553,1893456007675152,0.91,329,buy
1772301804553,1893456007675151,0.09,116,buy
1772301804553,1893456007675150,0.09,213,buy
1772301804634,1893456007675154,0.91,84,buy
1772301804634,1893456007675153,0.09,84,buy
1772301820576,1893456007675173,0.11,138,buy
1772301820576,1893456007675172,0.89,138,buy
1772301848680,1893456007675249,0.09,200,buy
1772301848680,1893456007675248,0.91,200,buy
1772301862388,1893456007675261,0.09,129,buy
1772301862388,1893456007675260,0.91,129,buy
1772301862484,1893456007675263,0.91,71,buy
1772301862484,1893456007675262,0.09,71,buy
1772301867382,1893456007675267,0.92,326,buy
1772301867382,1893456007675266,0.08,326,buy
1772301867484,1893456007675270,0.92,326,buy
1772301867484,1893456007675269,0.08,252,buy
1772301867484,1893456007675268,0.08,74,buy
1772301867587,1893456007675274,0.92,326,buy
1772301867587,1893456007675273,0.08,326,buy
1772301867664,1893456007675278,0.92,22,buy
1772301867664,1893456007675277,0.08,22,buy
1772301867716,1893456007675280,0.08,200,buy
1772301867716,1893456007675279,0.92,200,buy
1772301870787,1893456007675286,0.08,104,buy
1772301870787,1893456007675285,0.92,104,buy
1772301870904,1893456007675288,0.92,296,buy
1772301870904,1893456007675287,0.08,296,buy
1772302048574,1893456007675354,0.08,200,buy
1772302048574,1893456007675353,0.92,200,buy
1772302255826,1893456007675415,0.98,425,buy
1772302255826,1893456007675414,0.97,600,buy
1772302255826,1893456007675413,0.02,425,buy
1772302255826,1893456007675412,0.03,200,buy
1772302255826,1893456007675411,0.03,400,buy
1772303919417,1893456007675804,0.15,11,buy
1772303919417,1893456007675803,0.85,11,buy
1772304298731,1893456007675929,0.1,167,buy
1772304298731,1893456007675928,0.09,329,buy
1772304298731,1893456007675927,0.9,167,buy
1772304298731,1893456007675926,0.91,329,buy
1772304514936,1893456007675996,0.1,333,buy
1772304514936,1893456007675995,0.9,333,buy
1772304515014,1893456007675998,0.9,9,buy
1772304515014,1893456007675997,0.1,9,buy
1772304590526,1893456007676011,0.07,164,buy
1772304590526,1893456007676010,0.93,164,buy
1772304835284,1893456007676164,0.19,370,buy
1772304835284,1893456007676163,0.81,370,buy
1772304863127,1893456007676176,0.29,17,buy
1772304863127,1893456007676175,0.71,17,buy
1772304869716,1893456007676184,0.71,200,buy
1772304869716,1893456007676183,0.29,200,buy
1772304869740,1893456007676186,0.71,400,buy
1772304869740,1893456007676185,0.29,400,buy
1772304869749,1893456007676188,0.71,200,buy
1772304869749,1893456007676187,0.29,200,buy
1772304915294,1893456007676234,0.63,15,buy
1772304915294,1893456007676233,0.37,15,buy
1772304915294,1893456007676232,0.63,15,buy
1772304915294,1893456007676231,0.37,15,buy
1772304915309,1893456007676236,0.63,20,buy
1772304915309,1893456007676235,0.37,20,buy
1772304915374,1893456007676238,0.63,20,buy
1772304915374,1893456007676237,0.37,20,buy
1772304915389,1893456007676240,0.63,15,buy
1772304915389,1893456007676239,0.37,15,buy
1772304915421,1893456007676244,0.63,15,buy
1772304915421,1893456007676243,0.37,15,buy
1772304915421,1893456007676242,0.63,15,buy
1772304915421,1893456007676241,0.37,15,buy
1772304915515,1893456007676252,0.63,15,buy
1772304915515,1893456007676251,0.37,15,buy
1772304915515,1893456007676250,0.63,15,buy
1772304915515,1893456007676249,0.37,15,buy
1772304915515,1893456007676248,0.63,15,buy
1772304915515,1893456007676247,0.37,15,buy
1772304915515,1893456007676246,0.63,15,buy
1772304915515,1893456007676245,0.37,15,buy
1772304915555,1893456007676256,0.63,20,buy
1772304915555,1893456007676255,0.37,20,buy
1772304915555,1893456007676254,0.63,20,buy
1772304915555,1893456007676253,0.37,20,buy
1772304915564,1893456007676260,0.63,20,buy
1772304915564,1893456007676259,0.37,20,buy
1772304915564,1893456007676258,0.63,20,buy
1772304915564,1893456007676257,0.37,20,buy
1772304915834,1893456007676262,0.72,15,buy
1772304915834,1893456007676261,0.28,15,buy
1772304915835,1893456007676266,0.72,15,buy
1772304915835,1893456007676265,0.28,15,buy
1772304915835,1893456007676264,0.72,15,buy
1772304915835,1893456007676263,0.28,15,buy
1772304915852,1893456007676270,0.72,20,buy
1772304915852,1893456007676269,0.28,20,buy
1772304915852,1893456007676268,0.72,20,buy
1772304915852,1893456007676267,0.28,20,buy
1772304915993,1893456007676278,0.72,20,buy
1772304915993,1893456007676277,0.28,20,buy
1772304915993,1893456007676276,0.72,20,buy
1772304915993,1893456007676275,0.28,20,buy
1772304915993,1893456007676274,0.72,20,buy
1772304915993,1893456007676273,0.28,20,buy
1772304915993,1893456007676272,0.72,20,buy
1772304915993,1893456007676271,0.28,20,buy
1772304916051,1893456007676280,0.72,15,buy
1772304916051,1893456007676279,0.28,15,buy
1772304916052,1893456007676288,0.72,15,buy
1772304916052,1893456007676287,0.28,15,buy
1772304916052,1893456007676286,0.72,15,buy
1772304916052,1893456007676285,0.28,15,buy
1772304916052,1893456007676284,0.72,15,buy
1772304916052,1893456007676283,0.28,15,buy
1772304916052,1893456007676282,0.72,15,buy
1772304916052,1893456007676281,0.28,15,buy
1772304916095,1893456007676296,0.77,15,buy
1772304916095,1893456007676295,0.23,15,buy
1772304916095,1893456007676294,0.77,15,buy
1772304916095,1893456007676293,0.23,15,buy
1772304916095,1893456007676292,0.77,15,buy
1772304916095,1893456007676291,0.23,15,buy
1772304916095,1893456007676290,0.77,15,buy
1772304916095,1893456007676289,0.23,15,buy
1772304916117,1893456007676298,0.24,15,buy
1772304916117,1893456007676297,0.76,15,buy
1772304917877,1893456007676300,0.25,200,buy
1772304917877,1893456007676299,0.75,200,buy
1772304917895,1893456007676302,0.25,200,buy
1772304917895,1893456007676301,0.75,200,buy
1772304919596,1893456007676304,0.29,400,buy
1772304919596,1893456007676303,0.71,400,buy
1772304919627,1893456007676306,0.29,22,buy
1772304919627,1893456007676305,0.71,22,buy
1772304919643,1893456007676308,0.32,15,buy
1772304919643,1893456007676307,0.68,15,buy
1772304919720,1893456007676310,0.7,200,buy
1772304919720,1893456007676309,0.3,200,buy
1772304919744,1893456007676312,0.3,200,buy
1772304919744,1893456007676311,0.7,200,buy
1772304919786,1893456007676314,0.3,28,buy
1772304919786,1893456007676313,0.7,28,buy
1772304919894,1893456007676316,0.7,200,buy
1772304919894,1893456007676315,0.3,200,buy
1772304920514,1893456007676318,0.72,200,buy
1772304920514,1893456007676317,0.28,200,buy
1772304921686,1893456007676322,0.23,15,buy
1772304921686,1893456007676321,0.22,15,buy
1772304921686,1893456007676320,0.77,15,buy
1772304921686,1893456007676319,0.78,15,buy
1772304922564,1893456007676326,0.82,165,buy
1772304922564,1893456007676325,0.8,200,buy
1772304922564,1893456007676324,0.18,165,buy
1772304922564,1893456007676323,0.2,200,buy
1772304924997,1893456007676346,0.37,1,buy
1772304924997,1893456007676345,0.63,1,buy
1772304928696,1893456007676352,0.63,25,buy
1772304928696,1893456007676351,0.37,25,buy
1772304938730,1893456007676354,0.72,20,buy
1772304938730,1893456007676353,0.28,20,buy
1772304938827,1893456007676356,0.73,20,buy
1772304938827,1893456007676355,0.27,20,buy
1772304939164,1893456007676358,0.75,20,buy
1772304939164,1893456007676357,0.25,20,buy
1772304945991,1893456007676366,0.19,24,buy
1772304945991,1893456007676365,0.81,24,buy
1772304946092,1893456007676368,0.22,200,buy
1772304946092,1893456007676367,0.78,200,buy
1772304947372,1893456007676370,0.25,20,buy
1772304947372,1893456007676369,0.75,20,buy
1772304947467,1893456007676374,0.27,20,buy
1772304947467,1893456007676373,0.26,20,buy
1772304947467,1893456007676372,0.73,20,buy
1772304947467,1893456007676371,0.74,20,buy
1772304957485,1893456007676391,0.78,50,buy
1772304957485,1893456007676390,0.22,50,buy
1772304971472,1893456007676395,0.17,50,buy
1772304971472,1893456007676394,0.83,50,buy
1772304971547,1893456007676402,0.15,275,sell
1772304971547,1893456007676401,0.16,600,sell
1772304971547,1893456007676400,0.17,150,sell
1772304971547,1893456007676399,0.15,275,buy
1772304971547,1893456007676398,0.16,400,buy
1772304971547,1893456007676397,0.16,200,buy
1772304971547,1893456007676396,0.17,150,buy
1772304979487,1893456007676406,0.69,50,buy
1772304979487,1893456007676405,0.31,50,buy
1772305019089,1893456007676441,0.57,296,sell
1772305019089,1893456007676440,0.58,200,sell
1772305019089,1893456007676439,0.57,296,buy
1772305019089,1893456007676438,0.58,200,buy
1772305026822,1893456007676445,0.47,1,buy
1772305026822,1893456007676444,0.53,1,buy
1772305029152,1893456007676447,0.49,1,buy
1772305029152,1893456007676446,0.51,1,buy
1772305055864,1893456007676455,0.66,47,buy
1772305055864,1893456007676454,0.65,400,buy
1772305055864,1893456007676453,0.34,47,buy
1772305055864,1893456007676452,0.35,400,buy
1772305055938,1893456007676457,0.66,447,buy
1772305055938,1893456007676456,0.34,447,buy
1772305056282,1893456007676460,0.66,306,buy
1772305056282,1893456007676459,0.34,200,buy
1772305056282,1893456007676458,0.34,106,buy
1772305060980,1893456007676463,0.73,600,buy
1772305060980,1893456007676462,0.27,200,buy
1772305060980,1893456007676461,0.27,400,buy
1772305061033,1893456007676465,0.26,204,buy
1772305061033,1893456007676464,0.74,204,buy
1772305067976,1893456007676471,0.76,198,buy
1772305067976,1893456007676470,0.24,198,buy
1772305074716,1893456007676476,0.23,200,buy
1772305074716,1893456007676475,0.77,200,buy
1772305074949,1893456007676478,0.23,189,buy
1772305074949,1893456007676477,0.77,189,buy
1772305076570,1893456007676482,0.23,20,buy
1772305076570,1893456007676481,0.77,20,buy
1772305089547,1893456007676512,0.95,100,buy
1772305089547,1893456007676511,0.05,100,buy
1772305091287,1893456007676520,0.04,200,buy
1772305091287,1893456007676519,0.96,200,buy
1772305092898,1893456007676522,0.04,200,buy
1772305092898,1893456007676521,0.96,200,buy
1772305093322,1893456007676524,0.04,200,buy
1772305093322,1893456007676523,0.96,200,buy
1772305093328,1893456007676526,0.04,300,buy
1772305093328,1893456007676525,0.96,300,buy
