timestamp_ms,tid,price,amount,type
1772906573174,1893456007808738,0.22,30,buy
1772906573174,1893456007808737,0.78,30,buy
1772906573215,1893456007808746,0.22,30,buy
1772906573215,1893456007808745,0.78,30,buy
1772906573254,1893456007808756,0.22,30,buy
1772906573254,1893456007808755,0.78,30,buy
1772906573260,1893456007808758,0.79,30,buy
1772906573260,1893456007808757,0.21,30,buy
1772906573294,1893456007808762,0.21,30,buy
1772906573294,1893456007808761,0.79,30,buy
1772906573294,1893456007808760,0.21,30,buy
1772906573294,1893456007808759,0.79,30,buy
1772906573325,1893456007808766,0.21,30,buy
1772906573325,1893456007808765,0.79,30,buy
1772906573325,1893456007808764,0.21,30,buy
1772906573325,1893456007808763,0.79,30,buy
1772906858293,1893456007808909,0.71,100,buy
1772906858293,1893456007808908,0.29,100,buy
1772906870557,1893456007808911,0.71,690,buy
1772906870557,1893456007808910,0.29,690,buy
1772906883774,1893456007808913,0.71,100,buy
1772906883774,1893456007808912,0.29,100,buy
1772906885845,1893456007808915,0.71,100,buy
1772906885845,1893456007808914,0.29,100,buy
1772906887669,1893456007808917,0.71,100,buy
1772906887669,1893456007808916,0.29,100,buy
1772906887823,1893456007808919,0.71,200,buy
1772906887823,1893456007808918,0.29,200,buy
1772906887829,1893456007808921,0.71,100,buy
1772906887829,1893456007808920,0.29,100,buy
1772906887907,1893456007808923,0.71,200,buy
1772906887907,1893456007808922,0.29,200,buy
1772906887937,1893456007808925,0.71,100,buy
1772906887937,1893456007808924,0.29,100,buy
1772906888733,1893456007808927,0.71,100,buy
1772906888733,1893456007808926,0.29,100,buy
1772906889211,1893456007808931,0.71,100,buy
1772906889211,1893456007808930,0.29,100,buy
1772906889226,1893456007808933,0.71,200,buy
1772906889226,1893456007808932,0.29,200,buy
1772906889229,1893456007808935,0.71,100,buy
1772906889229,1893456007808934,0.29,100,buy
1772906889310,1893456007808937,0.71,32,buy
1772906889310,1893456007808936,0.29,32,buy
1772906970929,1893456007808977,0.72,100,buy
1772906970929,1893456007808976,0.28,100,buy
1772906986778,1893456007808981,0.28,100,buy
1772906986778,1893456007808980,0.72,100,buy
1772906987245,1893456007808983,0.28,32,buy
1772906987245,1893456007808982,0.72,32,buy
1772906987377,1893456007808985,0.29,100,buy
1772906987377,1893456007808984,0.71,100,buy
1772906987398,1893456007808987,0.29,181,buy
1772906987398,1893456007808986,0.71,181,buy
1772906987475,1893456007808991,0.71,19,buy
1772906987475,1893456007808990,0.7,100,buy
1772906987475,1893456007808989,0.29,19,buy
1772906987475,1893456007808988,0.3,100,buy
1772907111438,1893456007809059,0.31,100,buy
1772907111438,1893456007809058,0.69,100,buy
1772907351997,1893456007809069,0.3,30,buy
1772907351997,1893456007809068,0.7,30,buy
1772907352034,1893456007809071,0.7,30,buy
1772907352034,1893456007809070,0.3,30,buy
1772907352082,1893456007809073,0.7,30,buy
1772907352082,1893456007809072,0.3,30,buy
1772907379385,1893456007809079,0.33,100,buy
1772907379385,1893456007809078,0.67,100,buy
1772907382752,1893456007809081,0.33,100,buy
1772907382752,1893456007809080,0.67,100,buy
1772907384295,1893456007809083,0.33,98,buy
1772907384295,1893456007809082,0.67,98,buy
1772907384311,1893456007809085,0.34,30,buy
1772907384311,1893456007809084,0.66,30,buy
1772907384324,1893456007809089,0.67,102,buy
1772907384324,1893456007809088,0.66,70,buy
1772907384324,1893456007809087,0.33,102,buy
1772907384324,1893456007809086,0.34,70,buy
1772907427571,1893456007809097,0.34,30,buy
1772907427571,1893456007809096,0.66,30,buy
1772907427594,1893456007809099,0.66,30,buy
1772907427594,1893456007809098,0.34,30,buy
1772907443272,1893456007809101,0.66,100,buy
1772907443272,1893456007809100,0.34,100,buy
1772907556715,1893456007809133,0.69,5,buy
1772907556715,1893456007809132,0.31,5,buy
1772907717678,1893456007809209,0.26,30,buy
1772907717678,1893456007809208,0.74,30,buy
1772907717756,1893456007809211,0.74,30,buy
1772907717756,1893456007809210,0.26,30,buy
1772907717822,1893456007809213,0.74,30,buy
1772907717822,1893456007809212,0.26,30,buy
1772907717862,1893456007809215,0.74,30,buy
1772907717862,1893456007809214,0.26,30,buy
1772907717890,1893456007809217,0.74,30,buy
1772907717890,1893456007809216,0.26,30,buy
1772907717924,1893456007809219,0.74,30,buy
1772907717924,1893456007809218,0.26,30,buy
1772907717944,1893456007809221,0.74,3,buy
1772907717944,1893456007809220,0.26,3,buy
1772907737572,1893456007809229,0.78,5,buy
1772907737572,1893456007809228,0.22,5,buy
1772907749545,1893456007809244,0.28,141,buy
1772907749545,1893456007809243,0.27,30,buy
1772907749545,1893456007809242,0.72,111,buy
1772907749545,1893456007809241,0.72,30,buy
1772907749545,1893456007809240,0.73,30,buy
1772907851615,1893456007809456,0.33,5,buy
1772907851615,1893456007809455,0.32,30,buy
1772907851615,1893456007809454,0.67,5,buy
1772907851615,1893456007809453,0.68,30,buy
1772907918221,1893456007809505,0.3,30,buy
1772907918221,1893456007809504,0.7,30,buy
1772907918294,1893456007809507,0.7,30,buy
1772907918294,1893456007809506,0.3,30,buy
1772907918324,1893456007809509,0.7,30,buy
1772907918324,1893456007809508,0.3,30,buy
1772908016506,1893456007809581,0.23,30,buy
1772908016506,1893456007809580,0.77,30,buy
1772908016534,1893456007809583,0.77,30,buy
1772908016534,1893456007809582,0.23,30,buy
1772908016565,1893456007809585,0.77,30,buy
1772908016565,1893456007809584,0.23,30,buy
1772908016599,1893456007809587,0.77,10,buy
1772908016599,1893456007809586,0.23,10,buy
1772908053087,1893456007809603,0.22,30,buy
1772908053087,1893456007809602,0.78,30,buy
1772908053114,1893456007809605,0.78,30,buy
1772908053114,1893456007809604,0.22,30,buy
1772908053154,1893456007809607,0.78,30,buy
1772908053154,1893456007809606,0.22,30,buy
1772908053172,1893456007809610,0.78,30,buy
1772908053172,1893456007809609,0.22,20,buy
1772908053172,1893456007809608,0.22,10,buy
1772908053209,1893456007809612,0.78,30,buy
1772908053209,1893456007809611,0.22,30,buy
1772908053246,1893456007809614,0.78,30,buy
1772908053246,1893456007809613,0.22,30,buy
1772908053314,1893456007809616,0.78,30,buy
1772908053314,1893456007809615,0.22,30,buy
1772908053374,1893456007809618,0.78,30,buy
1772908053374,1893456007809617,0.22,30,buy
1772908053409,1893456007809620,0.78,30,buy
1772908053409,1893456007809619,0.22,30,buy
1772908053441,1893456007809622,0.78,30,buy
1772908053441,1893456007809621,0.22,30,buy
1772908053465,1893456007809624,0.78,30,buy
1772908053465,1893456007809623,0.22,30,buy
1772908053512,1893456007809626,0.78,30,buy
1772908053512,1893456007809625,0.22,30,buy
1772908053535,1893456007809628,0.78,30,buy
1772908053535,1893456007809627,0.22,30,buy
1772908054122,1893456007809630,0.23,30,buy
1772908054122,1893456007809629,0.77,30,buy
1772908182357,1893456007809649,0.18,30,buy
1772908182357,1893456007809648,0.82,30,buy
1772908182424,1893456007809651,0.82,30,buy
1772908182424,1893456007809650,0.18,30,buy
1772908182457,1893456007809653,0.82,30,buy
1772908182457,1893456007809652,0.18,30,buy
1772908182492,1893456007809655,0.82,10,buy
1772908182492,1893456007809654,0.18,10,buy
1772908190376,1893456007809657,0.18,20,buy
1772908190376,1893456007809656,0.82,20,buy
1772908190424,1893456007809659,0.82,30,buy
1772908190424,1893456007809658,0.18,30,buy
1772908190474,1893456007809661,0.82,30,buy
1772908190474,1893456007809660,0.18,30,buy
1772908190512,1893456007809664,0.82,30,buy
1772908190512,1893456007809663,0.18,10,buy
1772908190512,1893456007809662,0.18,20,buy
1772908190550,1893456007809666,0.82,30,buy
1772908190550,1893456007809665,0.18,30,buy
1772908190577,1893456007809668,0.82,30,buy
1772908190577,1893456007809667,0.18,30,buy
1772908190614,1893456007809670,0.82,30,buy
1772908190614,1893456007809669,0.18,30,buy
1772908190652,1893456007809672,0.82,30,buy
1772908190652,1893456007809671,0.18,30,buy
1772908190669,1893456007809674,0.82,30,buy
1772908190669,1893456007809673,0.18,30,buy
1772908195196,1893456007809676,0.2,30,buy
1772908195196,1893456007809675,0.8,30,buy
1772908195254,1893456007809678,0.8,30,buy
1772908195254,1893456007809677,0.2,30,buy
1772908196516,1893456007809680,0.2,30,buy
1772908196516,1893456007809679,0.8,30,buy
1772908196547,1893456007809682,0.8,30,buy
1772908196547,1893456007809681,0.2,30,buy
1772908196576,1893456007809684,0.21,30,buy
1772908196576,1893456007809683,0.79,30,buy
1772908196585,1893456007809686,0.79,30,buy
1772908196585,1893456007809685,0.21,30,buy
1772908196624,1893456007809688,0.79,30,buy
1772908196624,1893456007809687,0.21,30,buy
1772908196631,1893456007809690,0.79,10,buy
1772908196631,1893456007809689,0.21,10,buy
1772909085564,1893456007809821,0.86,216,buy
1772909085564,1893456007809820,0.84,11,buy
1772909085564,1893456007809819,0.14,16,buy
1772909085564,1893456007809818,0.14,200,buy
1772909085564,1893456007809817,0.16,11,buy
1772909097594,1893456007809829,0.81,35,buy
1772909097594,1893456007809828,0.19,35,buy
1772909097594,1893456007809827,0.81,35,buy
1772909097594,1893456007809826,0.19,35,buy
1772909097648,1893456007809831,0.81,35,buy
1772909097648,1893456007809830,0.19,35,buy
1772909097675,1893456007809833,0.81,35,buy
1772909097675,1893456007809832,0.19,35,buy
1772909097704,1893456007809835,0.81,35,buy
1772909097704,1893456007809834,0.19,35,buy
1772909100197,1893456007809839,0.19,35,buy
1772909100197,1893456007809838,0.81,35,buy
1772909100216,1893456007809841,0.81,35,buy
1772909100216,1893456007809840,0.19,35,buy
1772909397091,1893456007809887,0.12,100,buy
1772909397091,1893456007809886,0.88,100,buy
1772909494387,1893456007809905,0.03,15,buy
1772909494387,1893456007809904,0.97,15,buy
