timestamp_ms,tid,price,amount,type
1773194669046,1893456007895345,0.88,60,sell
1773194669211,1893456007895347,0.88,58,buy
1773194670459,1893456007895349,0.88,29,buy
1773194670632,1893456007895351,0.88,58,buy
1773194671227,1893456007895353,0.88,50,buy
1773194673461,1893456007895355,0.88,5,buy
1773194675684,1893456007895357,0.88,5,buy
1773194677936,1893456007895385,0.88,1,buy
1773194773274,1893456007895573,0.88,7,buy
1773194773457,1893456007895575,0.88,7,buy
1773194773671,1893456007895577,0.88,7,buy
1773194773935,1893456007895579,0.88,7,buy
1773194774137,1893456007895581,0.88,7,buy
1773194774370,1893456007895583,0.88,7,buy
1773194774796,1893456007895585,0.88,7,buy
1773194774964,1893456007895587,0.88,7,buy
1773194775134,1893456007895589,0.88,7,buy
1773194775325,1893456007895591,0.88,7,buy
1773194775612,1893456007895593,0.88,7,buy
1773194775837,1893456007895595,0.88,7,buy
1773194776022,1893456007895597,0.88,7,buy
1773194776227,1893456007895599,0.88,7,buy
1773194776326,1893456007895601,0.88,7,buy
1773194776520,1893456007895603,0.88,7,buy
1773194776696,1893456007895605,0.88,7,buy
1773194776847,1893456007895607,0.88,7,buy
1773194777019,1893456007895609,0.88,7,buy
1773194777246,1893456007895611,0.88,7,buy
1773194777420,1893456007895613,0.88,7,buy
1773194777636,1893456007895615,0.88,7,buy
1773194777824,1893456007895617,0.88,7,buy
1773194777936,1893456007895619,0.88,7,buy
1773194778126,1893456007895621,0.88,7,buy
1773194778319,1893456007895623,0.88,7,buy
1773194778522,1893456007895625,0.88,7,buy
1773194778652,1893456007895627,0.88,7,buy
1773194778821,1893456007895629,0.88,7,buy
1773194779027,1893456007895631,0.88,7,buy
1773194779237,1893456007895633,0.88,7,buy
1773194779422,1893456007895635,0.88,7,buy
1773194779626,1893456007895637,0.88,7,buy
1773194779823,1893456007895639,0.88,7,buy
1773194780026,1893456007895641,0.88,7,buy
1773194780246,1893456007895643,0.88,7,buy
1773194780432,1893456007895645,0.88,7,buy
1773194780695,1893456007895647,0.88,7,buy
1773194781139,1893456007895649,0.88,7,buy
1773194781346,1893456007895651,0.88,7,buy
1773194781536,1893456007895653,0.88,7,buy
1773194781726,1893456007895655,0.88,7,buy
1773194781921,1893456007895657,0.88,7,buy
1773194782118,1893456007895659,0.88,7,buy
1773194782387,1893456007895661,0.88,7,buy
1773194848920,1893456007895677,0.88,23,buy
1773194882557,1893456007895751,0.88,7,buy
1773194882753,1893456007895753,0.88,7,buy
1773194883016,1893456007895755,0.88,7,buy
1773194883122,1893456007895757,0.88,7,buy
1773194883326,1893456007895759,0.88,7,buy
1773194883546,1893456007895761,0.88,7,buy
1773194883726,1893456007895763,0.88,7,buy
1773194883924,1893456007895765,0.88,7,buy
1773194884121,1893456007895767,0.88,7,buy
1773194884327,1893456007895769,0.88,7,buy
1773194884436,1893456007895771,0.88,7,buy
1773194884633,1893456007895773,0.88,7,buy
1773194884836,1893456007895775,0.88,7,buy
1773194885087,1893456007895777,0.88,7,buy
1773194885257,1893456007895779,0.88,7,buy
1773194885445,1893456007895781,0.88,7,buy
1773194885762,1893456007895783,0.88,7,buy
1773194885966,1893456007895785,0.88,7,buy
1773194886146,1893456007895787,0.88,7,buy
1773194886336,1893456007895789,0.88,7,buy
1773194886594,1893456007895791,0.88,7,buy
1773194886723,1893456007895793,0.88,7,buy
1773194886927,1893456007895795,0.88,7,buy
1773194887077,1893456007895797,0.88,7,buy
1773194887270,1893456007895799,0.88,7,buy
1773194887446,1893456007895801,0.88,7,buy
1773194887655,1893456007895803,0.88,7,buy
1773194887904,1893456007895805,0.88,7,buy
1773194888019,1893456007895807,0.88,7,buy
1773194888222,1893456007895809,0.88,7,buy
1773194888321,1893456007895811,0.88,7,buy
1773194888526,1893456007895813,0.88,7,buy
1773194888626,1893456007895815,0.88,7,buy
1773194888832,1893456007895817,0.88,7,buy
1773194889067,1893456007895819,0.88,7,buy
1773194889218,1893456007895821,0.88,7,buy
1773194889426,1893456007895823,0.88,7,buy
1773194889521,1893456007895825,0.88,7,buy
1773194889766,1893456007895827,0.88,7,buy
1773194889944,1893456007895829,0.88,7,buy
1773194890132,1893456007895831,0.88,7,buy
1773194890323,1893456007895833,0.88,7,buy
1773194890534,1893456007895835,0.88,7,buy
1773194890737,1893456007895837,0.88,7,buy
1773194890925,1893456007895839,0.88,7,buy
1773194891136,1893456007895841,0.88,7,buy
1773194891346,1893456007895843,0.88,7,buy
1773194891517,1893456007895845,0.88,7,buy
1773194891727,1893456007895847,0.88,7,buy
1773194891917,1893456007895849,0.88,7,buy
1773194892026,1893456007895851,0.88,7,buy
1773194892229,1893456007895853,0.88,7,buy
1773194892434,1893456007895855,0.88,7,buy
1773194892627,1893456007895857,0.88,7,buy
1773194892837,1893456007895859,0.88,7,buy
1773194893019,1893456007895861,0.88,7,buy
1773194893144,1893456007895863,0.88,7,buy
1773194893276,1893456007895865,0.88,7,buy
1773194893466,1893456007895867,0.88,7,buy
1773194893648,1893456007895869,0.88,7,buy
1773194893746,1893456007895871,0.88,7,buy
1773194893932,1893456007895873,0.88,7,buy
1773194894167,1893456007895875,0.88,7,buy
1773194894353,1893456007895877,0.88,7,buy
1773194894547,1893456007895879,0.88,7,buy
1773194894767,1893456007895881,0.88,7,buy
1773194894965,1893456007895883,0.88,7,buy
1773194895158,1893456007895885,0.88,7,buy
1773194895340,1893456007895887,0.88,7,buy
1773194895576,1893456007895889,0.88,7,buy
1773194895743,1893456007895891,0.88,7,buy
1773194895943,1893456007895893,0.88,7,buy
1773194896086,1893456007895895,0.88,7,buy
1773194896234,1893456007895897,0.88,7,buy
1773194896341,1893456007895899,0.88,7,buy
1773194896576,1893456007895901,0.88,7,buy
1773194896746,1893456007895903,0.88,7,buy
1773194896976,1893456007895905,0.88,7,buy
1773194897137,1893456007895907,0.88,7,buy
1773194897273,1893456007895909,0.88,7,buy
1773194897446,1893456007895911,0.88,7,buy
1773194897630,1893456007895913,0.88,7,buy
1773194897747,1893456007895915,0.88,7,buy
1773194897964,1893456007895917,0.88,7,buy
1773194898147,1893456007895919,0.88,7,buy
1773194898351,1893456007895921,0.88,7,buy
1773194898557,1893456007895923,0.88,7,buy
1773194898749,1893456007895925,0.88,7,buy
1773194898944,1893456007895927,0.88,7,buy
1773194899156,1893456007895929,0.88,7,buy
1773194899340,1893456007895931,0.88,7,buy
1773194899438,1893456007895933,0.88,7,buy
1773194899641,1893456007895935,0.88,7,buy
1773194899740,1893456007895937,0.88,7,buy
1773194899946,1893456007895939,0.88,7,buy
1773194900052,1893456007895941,0.88,7,buy
1773194900247,1893456007895943,0.88,7,buy
1773194900455,1893456007895945,0.88,7,buy
1773194900659,1893456007895947,0.88,7,buy
1773194900856,1893456007895949,0.88,7,buy
1773194900948,1893456007895951,0.88,7,buy
1773194901140,1893456007895953,0.88,7,buy
1773194901247,1893456007895955,0.88,7,buy
1773194901451,1893456007895957,0.88,7,buy
1773194901648,1893456007895959,0.88,7,buy
1773194906286,1893456007895961,0.88,28,buy
1773194906296,1893456007895963,0.88,28,buy
1773194906306,1893456007895965,0.88,28,buy
1773194906316,1893456007895967,0.88,28,buy
1773194906326,1893456007895969,0.88,28,buy
1773194906336,1893456007895971,0.88,28,buy
1773194906346,1893456007895973,0.88,28,buy
1773194906357,1893456007895975,0.88,28,buy
1773194906362,1893456007895977,0.88,28,buy
1773194906376,1893456007895979,0.88,28,buy
1773194906381,1893456007895981,0.88,28,buy
1773194906396,1893456007895983,0.88,28,buy
1773194906406,1893456007895985,0.88,28,buy
1773194906760,1893456007895987,0.88,28,buy
1773194906772,1893456007895989,0.88,28,buy
1773194906776,1893456007895991,0.88,28,buy
1773194906786,1893456007895993,0.88,28,buy
1773194906796,1893456007895995,0.88,28,buy
1773194906802,1893456007895997,0.88,28,buy
1773194906812,1893456007895999,0.88,28,buy
1773194907476,1893456007896003,0.88,27,buy
1773194909051,1893456007896009,0.88,25,buy
1773194911296,1893456007896011,0.88,25,buy
1773194913068,1893456007896013,0.88,10,buy
1773194914116,1893456007896015,0.88,10,buy
1773194914649,1893456007896017,0.88,10,buy
1773194915326,1893456007896019,0.88,10,buy
1773194915713,1893456007896023,0.88,10,buy
1773194918432,1893456007896029,0.88,10,buy
1773194918901,1893456007896031,0.88,10,buy
1773194919525,1893456007896033,0.88,10,buy
1773194923596,1893456007896035,0.88,10,buy
1773194923999,1893456007896037,0.88,10,buy
1773194924476,1893456007896039,0.88,10,buy
1773194927661,1893456007896041,0.88,10,buy
1773194928084,1893456007896043,0.88,10,buy
1773194928556,1893456007896045,0.88,10,buy
1773194931684,1893456007896059,0.88,10,buy
1773194932081,1893456007896061,0.88,10,buy
1773194932301,1893456007896063,0.88,227,buy
1773194932416,1893456007896065,0.88,79,buy
1773196353366,1893456007896555,0.85,11,sell
1773196353376,1893456007896557,0.85,11,buy
1773196353382,1893456007896559,0.85,11,buy
1773196353386,1893456007896561,0.85,11,buy
1773196353396,1893456007896563,0.85,11,buy
1773196353407,1893456007896565,0.85,11,buy
1773196353416,1893456007896567,0.85,11,buy
1773196353426,1893456007896569,0.85,11,buy
1773196353436,1893456007896571,0.85,11,buy
1773196353446,1893456007896573,0.85,11,buy
1773196353456,1893456007896575,0.85,11,buy
1773196353466,1893456007896577,0.85,11,buy
1773196353477,1893456007896579,0.85,11,buy
1773196353484,1893456007896581,0.85,11,buy
1773196353487,1893456007896583,0.85,11,buy
1773196353491,1893456007896585,0.85,11,buy
1773196353496,1893456007896587,0.85,11,buy
1773196353503,1893456007896589,0.85,11,buy
1773196353516,1893456007896591,0.85,11,buy
1773196353524,1893456007896593,0.85,11,buy
1773196353537,1893456007896595,0.85,11,buy
1773196353544,1893456007896597,0.85,11,buy
1773196353562,1893456007896599,0.85,11,buy
1773196353589,1893456007896601,0.85,11,buy
1773196353594,1893456007896603,0.85,11,buy
1773196353606,1893456007896605,0.85,11,buy
1773196353611,1893456007896607,0.85,11,buy
1773196353616,1893456007896609,0.85,11,buy
1773196353626,1893456007896611,0.85,11,buy
1773196353636,1893456007896613,0.85,11,buy
1773196353652,1893456007896615,0.85,11,buy
1773196353657,1893456007896617,0.85,11,buy
1773196353666,1893456007896619,0.85,11,buy
1773196353676,1893456007896621,0.85,11,buy
1773196353682,1893456007896623,0.85,11,buy
1773196353686,1893456007896625,0.85,11,buy
1773196353696,1893456007896627,0.85,11,buy
1773196353706,1893456007896629,0.85,11,buy
1773196353716,1893456007896631,0.85,11,buy
1773196353726,1893456007896633,0.85,11,buy
1773196353734,1893456007896635,0.85,11,buy
1773196353746,1893456007896637,0.85,11,buy
1773196353755,1893456007896639,0.85,11,buy
1773196353760,1893456007896641,0.85,11,buy
1773196353763,1893456007896643,0.85,11,buy
1773196353768,1893456007896645,0.85,5,buy
1773196405066,1893456007896667,0.73,1,sell
1773196494455,1893456007896707,0.66,9,buy
1773196494455,1893456007896706,0.66,20,buy
1773196597716,1893456007896719,0.68,1,sell
1773196647726,1893456007896729,0.62,20,sell
1773196648192,1893456007896731,0.62,20,sell
1773196648326,1893456007896733,0.62,60,sell
1773196718776,1893456007896757,0.29,1,sell
1773196736546,1893456007896761,0.35,1,buy
1773196788617,1893456007896784,0.48,19,buy
1773196832296,1893456007896788,0.47,1,buy
1773196833136,1893456007896792,0.48,1,buy
1773196991577,1893456007896796,0.45,1,sell
1773196991640,1893456007896798,0.41,1,sell
1773196992536,1893456007896800,0.34,20,sell
1773196992866,1893456007896803,0.33,15,sell
1773196992866,1893456007896802,0.34,20,sell
1773196993143,1893456007896806,0.32,22,sell
1773197017004,1893456007896810,0.38,20,buy
1773197018276,1893456007896812,0.39,1,buy
1773197033393,1893456007896821,0.33,1,sell
1773197116656,1893456007896823,0.35,1,sell
1773197164841,1893456007896827,0.33,1,sell
1773197265676,1893456007896853,0.28,1,buy
1773197277455,1893456007896869,0.32,10,sell
1773197290901,1893456007896871,0.3,1,sell
1773197373466,1893456007896888,0.3,1,buy
1773197392047,1893456007896892,0.38,1,buy
1773197410505,1893456007896905,0.38,155,sell
1773197410505,1893456007896904,0.39,1,sell
1773197517476,1893456007896928,0.43,1,buy
1773197520312,1893456007896930,0.46,1,buy
1773197536542,1893456007896936,0.64,1,buy
1773197566477,1893456007896951,0.71,27,sell
1773197601826,1893456007896957,0.63,20,sell
1773197628933,1893456007896959,0.68,1,buy
1773197829203,1893456007896988,0.72,1,buy
