timestamp_ms,tid,price,amount,type
1771725822732,1893456007553542,0.74,2,buy
1771725822732,1893456007553541,0.26,2,buy
1771725822777,1893456007553550,0.74,2,buy
1771725822777,1893456007553549,0.26,2,buy
1771725822805,1893456007553554,0.74,2,buy
1771725822805,1893456007553553,0.26,2,buy
1771725822854,1893456007553560,0.74,2,buy
1771725822854,1893456007553559,0.26,2,buy
1771725822883,1893456007553572,0.74,2,buy
1771725822883,1893456007553571,0.26,2,buy
1771725822916,1893456007553580,0.74,2,buy
1771725822916,1893456007553579,0.26,2,buy
1771725822946,1893456007553594,0.74,2,buy
1771725822946,1893456007553593,0.26,2,buy
1771725822971,1893456007553598,0.74,2,buy
1771725822971,1893456007553597,0.26,2,buy
1771725823006,1893456007553604,0.74,2,buy
1771725823006,1893456007553603,0.26,2,buy
1771725823036,1893456007553610,0.74,2,buy
1771725823036,1893456007553609,0.26,2,buy
1771725823062,1893456007553616,0.74,2,buy
1771725823062,1893456007553615,0.26,2,buy
1771725827291,1893456007553702,0.74,30,buy
1771725827291,1893456007553701,0.26,30,buy
1771725831858,1893456007553704,0.74,30,buy
1771725831858,1893456007553703,0.26,30,buy
1771725833506,1893456007553708,0.74,1,buy
1771725833506,1893456007553707,0.26,1,buy
1771725833676,1893456007553714,0.74,2,buy
1771725833676,1893456007553713,0.26,2,buy
1771725833676,1893456007553712,0.74,4,buy
1771725833676,1893456007553711,0.26,4,buy
1771725833676,1893456007553710,0.74,3,buy
1771725833676,1893456007553709,0.26,3,buy
1771725833738,1893456007553718,0.74,7,buy
1771725833738,1893456007553717,0.26,7,buy
1771725833738,1893456007553716,0.74,1,buy
1771725833738,1893456007553715,0.26,1,buy
1771725866662,1893456007554000,0.26,50,buy
1771725866662,1893456007553999,0.74,50,buy
1771726063159,1893456007554025,0.76,28,buy
1771726063159,1893456007554024,0.24,28,buy
1771726455719,1893456007554077,0.77,50,buy
1771726455719,1893456007554076,0.23,50,buy
1771726571207,1893456007554085,0.79,500,buy
1771726571207,1893456007554084,0.21,500,buy
1771726616708,1893456007554103,0.76,30,buy
1771726616708,1893456007554102,0.24,30,buy
1771726621098,1893456007554105,0.76,12,buy
1771726621098,1893456007554104,0.24,12,buy
1771726639722,1893456007554109,0.76,500,buy
1771726639722,1893456007554108,0.24,500,buy
1771726663486,1893456007554115,0.75,19,buy
1771726663486,1893456007554114,0.25,19,buy
1771726787698,1893456007554127,0.7,50,buy
1771726787698,1893456007554126,0.3,50,buy
1771726929245,1893456007554151,0.73,93,buy
1771726929245,1893456007554150,0.27,93,buy
1771726929999,1893456007554157,0.75,141,buy
1771726929999,1893456007554156,0.74,200,buy
1771726929999,1893456007554155,0.73,7,buy
1771726929999,1893456007554154,0.25,141,buy
1771726929999,1893456007554153,0.26,200,buy
1771726929999,1893456007554152,0.27,7,buy
1771727459136,1893456007554232,0.66,1,buy
1771727459136,1893456007554231,0.34,1,buy
1771727461026,1893456007554236,0.66,100,buy
1771727461026,1893456007554235,0.34,100,buy
1771727461106,1893456007554238,0.66,200,buy
1771727461106,1893456007554237,0.34,200,buy
1771727461117,1893456007554242,0.66,300,buy
1771727461117,1893456007554241,0.34,300,buy
1771727461117,1893456007554240,0.66,100,buy
1771727461117,1893456007554239,0.34,100,buy
1771727461150,1893456007554244,0.66,100,buy
1771727461150,1893456007554243,0.34,100,buy
1771727547586,1893456007554262,0.69,2,buy
1771727547586,1893456007554261,0.31,2,buy
1771727607692,1893456007554278,0.69,500,buy
1771727607692,1893456007554277,0.31,500,buy
1771727619381,1893456007554282,0.69,1,buy
1771727619381,1893456007554281,0.31,1,buy
1771727619520,1893456007554284,0.69,4,buy
1771727619520,1893456007554283,0.31,4,buy
1771727632966,1893456007554288,0.69,69,buy
1771727632966,1893456007554287,0.31,69,buy
1771727643547,1893456007554293,0.69,4,buy
1771727643547,1893456007554292,0.31,4,buy
1771727644857,1893456007554295,0.71,4,buy
1771727644857,1893456007554294,0.29,4,buy
1771727644954,1893456007554297,0.71,1,buy
1771727644954,1893456007554296,0.29,1,buy
1771727652826,1893456007554304,0.71,4,buy
1771727652826,1893456007554303,0.29,4,buy
1771727653524,1893456007554306,0.71,2,buy
1771727653524,1893456007554305,0.29,2,buy
1771727653667,1893456007554308,0.71,4,buy
1771727653667,1893456007554307,0.29,4,buy
1771727653781,1893456007554310,0.71,4,buy
1771727653781,1893456007554309,0.29,4,buy
1771727656450,1893456007554312,0.72,4,buy
1771727656450,1893456007554311,0.28,4,buy
1771727656926,1893456007554314,0.73,4,buy
1771727656926,1893456007554313,0.27,4,buy
1771727657593,1893456007554318,0.73,4,buy
1771727657593,1893456007554317,0.27,4,buy
1771727657777,1893456007554320,0.73,4,buy
1771727657777,1893456007554319,0.27,4,buy
1771727657927,1893456007554322,0.73,4,buy
1771727657927,1893456007554321,0.27,4,buy
1771727658077,1893456007554324,0.73,1,buy
1771727658077,1893456007554323,0.27,1,buy
1771727658286,1893456007554326,0.73,4,buy
1771727658286,1893456007554325,0.27,4,buy
1771727658418,1893456007554328,0.73,4,buy
1771727658418,1893456007554327,0.27,4,buy
1771727658537,1893456007554330,0.73,2,buy
1771727658537,1893456007554329,0.27,2,buy
1771727658795,1893456007554332,0.73,4,buy
1771727658795,1893456007554331,0.27,4,buy
1771727660917,1893456007554334,0.75,4,buy
1771727660917,1893456007554333,0.25,4,buy
1771727661067,1893456007554336,0.75,4,buy
1771727661067,1893456007554335,0.25,4,buy
1771727677926,1893456007554340,0.75,2,buy
1771727677926,1893456007554339,0.25,2,buy
1771727678047,1893456007554342,0.75,4,buy
1771727678047,1893456007554341,0.25,4,buy
1771727678176,1893456007554344,0.75,1,buy
1771727678176,1893456007554343,0.25,1,buy
1771727678315,1893456007554346,0.75,4,buy
1771727678315,1893456007554345,0.25,4,buy
1771727678475,1893456007554348,0.74,4,buy
1771727678475,1893456007554347,0.26,4,buy
1771727678621,1893456007554350,0.74,4,buy
1771727678621,1893456007554349,0.26,4,buy
1771727678766,1893456007554352,0.74,4,buy
1771727678766,1893456007554351,0.26,4,buy
1771727678860,1893456007554354,0.74,4,buy
1771727678860,1893456007554353,0.26,4,buy
1771727678971,1893456007554356,0.74,4,buy
1771727678971,1893456007554355,0.26,4,buy
1771727679815,1893456007554358,0.73,4,buy
1771727679815,1893456007554357,0.27,4,buy
1771727679918,1893456007554360,0.73,1,buy
1771727679918,1893456007554359,0.27,1,buy
1771727680111,1893456007554362,0.73,4,buy
1771727680111,1893456007554361,0.27,4,buy
1771727680641,1893456007554364,0.73,4,buy
1771727680641,1893456007554363,0.27,4,buy
1771727680756,1893456007554366,0.73,4,buy
1771727680756,1893456007554365,0.27,4,buy
1771727688406,1893456007554368,0.73,500,buy
1771727688406,1893456007554367,0.27,500,buy
1771727703914,1893456007554370,0.73,4,buy
1771727703914,1893456007554369,0.27,4,buy
1771727704047,1893456007554372,0.73,4,buy
1771727704047,1893456007554371,0.27,4,buy
1771727717617,1893456007554378,0.73,4,buy
1771727717617,1893456007554377,0.27,4,buy
1771727730847,1893456007554386,0.33,9,buy
1771727730847,1893456007554385,0.67,9,buy
1771727730916,1893456007554388,0.63,9,buy
1771727730916,1893456007554387,0.37,9,buy
1771727730956,1893456007554390,0.41,200,buy
1771727730956,1893456007554389,0.59,200,buy
1771727730977,1893456007554392,0.41,100,buy
1771727730977,1893456007554391,0.59,100,buy
1771727731006,1893456007554394,0.41,200,buy
1771727731006,1893456007554393,0.59,200,buy
1771727731026,1893456007554396,0.41,347,buy
1771727731026,1893456007554395,0.59,347,buy
1771727737567,1893456007554398,0.64,10,buy
1771727737567,1893456007554397,0.36,10,buy
1771727850445,1893456007554420,0.53,1,buy
1771727850445,1893456007554419,0.47,1,buy
1771727945284,1893456007554432,0.51,18,buy
1771727945284,1893456007554431,0.49,18,buy
1771728032447,1893456007554446,0.43,11,buy
1771728032447,1893456007554445,0.57,11,buy
1771728130157,1893456007554466,0.41,4,buy
1771728130157,1893456007554465,0.59,4,buy
1771728130273,1893456007554468,0.42,4,buy
1771728130273,1893456007554467,0.58,4,buy
1771728130304,1893456007554470,0.58,4,buy
1771728130304,1893456007554469,0.42,4,buy
1771728130331,1893456007554472,0.58,4,buy
1771728130331,1893456007554471,0.42,4,buy
1771728130366,1893456007554474,0.58,4,buy
1771728130366,1893456007554473,0.42,4,buy
1771728130392,1893456007554476,0.58,4,buy
1771728130392,1893456007554475,0.42,4,buy
1771728213285,1893456007554488,0.41,23,buy
1771728213285,1893456007554487,0.59,23,buy
1771728220206,1893456007554491,0.41,234,buy
1771728220206,1893456007554490,0.59,134,buy
1771728220206,1893456007554489,0.59,100,buy
1771728300005,1893456007554501,0.34,10,sell
1771728300005,1893456007554500,0.34,10,buy
1771728301797,1893456007554505,0.66,100,buy
1771728301797,1893456007554504,0.34,100,buy
1771728301822,1893456007554507,0.66,200,buy
1771728301822,1893456007554506,0.34,200,buy
1771728307833,1893456007554509,0.67,100,buy
1771728307833,1893456007554508,0.33,100,buy
1771728307997,1893456007554511,0.67,3,buy
1771728307997,1893456007554510,0.33,3,buy
1771728308030,1893456007554513,0.67,3,buy
1771728308030,1893456007554512,0.33,3,buy
1771728329985,1893456007554519,0.68,10,buy
1771728329985,1893456007554518,0.32,10,buy
1771728341207,1893456007554521,0.38,3,buy
1771728341207,1893456007554520,0.62,3,buy
1771728341286,1893456007554523,0.62,3,buy
1771728341286,1893456007554522,0.38,3,buy
1771728341316,1893456007554525,0.62,3,buy
1771728341316,1893456007554524,0.38,3,buy
1771728345187,1893456007554528,0.39,119,buy
1771728345187,1893456007554527,0.61,19,buy
1771728345187,1893456007554526,0.61,100,buy
1771728380276,1893456007554542,0.42,22,buy
1771728380276,1893456007554541,0.41,16,buy
1771728380276,1893456007554540,0.4,10,buy
1771728380276,1893456007554539,0.39,6,buy
1771728380276,1893456007554538,0.38,3,buy
1771728380276,1893456007554537,0.58,22,buy
1771728380276,1893456007554536,0.59,16,buy
1771728380276,1893456007554535,0.6,10,buy
1771728380276,1893456007554534,0.61,6,buy
1771728380276,1893456007554533,0.62,3,buy
1771728380326,1893456007554546,0.39,6,buy
1771728380326,1893456007554545,0.38,3,buy
1771728380326,1893456007554544,0.61,6,buy
1771728380326,1893456007554543,0.62,3,buy
1771728380375,1893456007554554,0.58,16,buy
1771728380375,1893456007554553,0.42,16,buy
1771728380375,1893456007554552,0.58,10,buy
1771728380375,1893456007554551,0.42,10,buy
1771728380375,1893456007554550,0.58,3,buy
1771728380375,1893456007554549,0.42,3,buy
1771728380375,1893456007554548,0.58,6,buy
1771728380375,1893456007554547,0.42,6,buy
1771728380396,1893456007554556,0.43,22,buy
1771728380396,1893456007554555,0.57,22,buy
1771728380452,1893456007554558,0.57,4,buy
1771728380452,1893456007554557,0.43,4,buy
1771728380476,1893456007554562,0.45,11,buy
1771728380476,1893456007554561,0.44,6,buy
1771728380476,1893456007554560,0.55,11,buy
1771728380476,1893456007554559,0.56,6,buy
1771728380514,1893456007554566,0.55,4,buy
1771728380514,1893456007554565,0.45,4,buy
1771728380514,1893456007554564,0.55,6,buy
1771728380514,1893456007554563,0.45,6,buy
1771728380527,1893456007554568,0.46,11,buy
1771728380527,1893456007554567,0.54,11,buy
1771728380551,1893456007554572,0.54,4,buy
1771728380551,1893456007554571,0.46,4,buy
1771728380551,1893456007554570,0.54,6,buy
1771728380551,1893456007554569,0.46,6,buy
1771728380616,1893456007554580,0.52,16,buy
1771728380616,1893456007554579,0.48,16,buy
1771728380616,1893456007554578,0.52,11,buy
1771728380616,1893456007554577,0.48,11,buy
1771728380616,1893456007554576,0.52,4,buy
1771728380616,1893456007554575,0.48,4,buy
1771728380616,1893456007554574,0.52,6,buy
1771728380616,1893456007554573,0.48,6,buy
1771728380706,1893456007554588,0.52,11,buy
1771728380706,1893456007554587,0.48,11,buy
1771728380706,1893456007554586,0.52,6,buy
1771728380706,1893456007554585,0.48,6,buy
1771728380706,1893456007554584,0.52,4,buy
1771728380706,1893456007554583,0.48,4,buy
1771728380706,1893456007554582,0.52,16,buy
1771728380706,1893456007554581,0.48,16,buy
1771728380768,1893456007554590,0.52,6,buy
1771728380768,1893456007554589,0.48,6,buy
1771728380790,1893456007554594,0.52,11,buy
1771728380790,1893456007554593,0.48,11,buy
1771728380790,1893456007554592,0.52,4,buy
1771728380790,1893456007554591,0.48,4,buy
1771728380826,1893456007554596,0.54,4,buy
1771728380826,1893456007554595,0.46,4,buy
1771728380853,1893456007554598,0.54,4,buy
1771728380853,1893456007554597,0.46,4,buy
1771728496887,1893456007554600,0.65,100,buy
1771728496887,1893456007554599,0.35,100,buy
1771728496916,1893456007554602,0.65,200,buy
1771728496916,1893456007554601,0.35,200,buy
1771728496917,1893456007554604,0.65,300,buy
1771728496917,1893456007554603,0.35,300,buy
1771728496929,1893456007554606,0.65,100,buy
1771728496929,1893456007554605,0.35,100,buy
1771728496991,1893456007554608,0.65,100,buy
1771728496991,1893456007554607,0.35,100,buy
1771728598806,1893456007554618,0.69,100,buy
1771728598806,1893456007554617,0.31,100,buy
1771728598816,1893456007554620,0.69,100,buy
1771728598816,1893456007554619,0.31,100,buy
1771728598922,1893456007554622,0.29,100,buy
1771728598922,1893456007554621,0.71,100,buy
1771728598958,1893456007554624,0.71,100,buy
1771728598958,1893456007554623,0.29,100,buy
1771728714057,1893456007554634,0.67,1,buy
1771728714057,1893456007554633,0.33,1,buy
1771728716034,1893456007554636,0.66,1,buy
1771728716034,1893456007554635,0.34,1,buy
1771728730927,1893456007554640,0.68,1,buy
1771728730927,1893456007554639,0.32,1,buy
1771728733868,1893456007554642,0.66,2,buy
1771728733868,1893456007554641,0.34,2,buy
1771728733987,1893456007554644,0.66,1,buy
1771728733987,1893456007554643,0.34,1,buy
1771728734892,1893456007554646,0.63,4,buy
1771728734892,1893456007554645,0.37,4,buy
1771728735015,1893456007554648,0.63,1,buy
1771728735015,1893456007554647,0.37,1,buy
1771728735135,1893456007554650,0.63,1,buy
1771728735135,1893456007554649,0.37,1,buy
1771728735233,1893456007554652,0.63,1,buy
1771728735233,1893456007554651,0.37,1,buy
1771728735334,1893456007554654,0.63,4,buy
1771728735334,1893456007554653,0.37,4,buy
1771728735448,1893456007554656,0.63,4,buy
1771728735448,1893456007554655,0.37,4,buy
1771728735597,1893456007554658,0.63,4,buy
1771728735597,1893456007554657,0.37,4,buy
1771728735716,1893456007554660,0.64,4,buy
1771728735716,1893456007554659,0.36,4,buy
1771728735935,1893456007554662,0.64,4,buy
1771728735935,1893456007554661,0.36,4,buy
1771728736050,1893456007554664,0.64,4,buy
1771728736050,1893456007554663,0.36,4,buy
1771728736400,1893456007554666,0.64,1,buy
1771728736400,1893456007554665,0.36,1,buy
1771728736516,1893456007554668,0.64,4,buy
1771728736516,1893456007554667,0.36,4,buy
1771728736623,1893456007554670,0.64,4,buy
1771728736623,1893456007554669,0.36,4,buy
1771728736926,1893456007554672,0.64,1,buy
1771728736926,1893456007554671,0.36,1,buy
1771728737023,1893456007554674,0.64,1,buy
1771728737023,1893456007554673,0.36,1,buy
1771728737157,1893456007554676,0.64,1,buy
1771728737157,1893456007554675,0.36,1,buy
1771728738037,1893456007554678,0.65,1,buy
1771728738037,1893456007554677,0.35,1,buy
1771728739326,1893456007554680,0.63,2,buy
1771728739326,1893456007554679,0.37,2,buy
1771728739556,1893456007554682,0.63,4,buy
1771728739556,1893456007554681,0.37,4,buy
1771728744236,1893456007554684,0.63,1,buy
1771728744236,1893456007554683,0.37,1,buy
1771728752018,1893456007554686,0.62,1,buy
1771728752018,1893456007554685,0.38,1,buy
1771728752076,1893456007554688,0.39,28,buy
1771728752076,1893456007554687,0.39,28,sell
1771728752216,1893456007554690,0.61,4,buy
1771728752216,1893456007554689,0.39,4,buy
1771728752356,1893456007554692,0.61,1,buy
1771728752356,1893456007554691,0.39,1,buy
1771728752467,1893456007554694,0.61,1,buy
1771728752467,1893456007554693,0.39,1,buy
1771728752627,1893456007554696,0.61,2,buy
1771728752627,1893456007554695,0.39,2,buy
1771728752724,1893456007554698,0.61,4,buy
1771728752724,1893456007554697,0.39,4,buy
1771728752866,1893456007554700,0.61,4,buy
1771728752866,1893456007554699,0.39,4,buy
1771728753026,1893456007554702,0.61,1,buy
1771728753026,1893456007554701,0.39,1,buy
1771728753646,1893456007554704,0.59,1,buy
1771728753646,1893456007554703,0.41,1,buy
1771728753756,1893456007554706,0.59,1,buy
1771728753756,1893456007554705,0.41,1,buy
1771728753858,1893456007554708,0.59,4,buy
1771728753858,1893456007554707,0.41,4,buy
1771728754048,1893456007554710,0.59,4,buy
1771728754048,1893456007554709,0.41,4,buy
1771728754206,1893456007554712,0.59,1,buy
1771728754206,1893456007554711,0.41,1,buy
1771728842778,1893456007554718,0.6,1,buy
1771728842778,1893456007554717,0.4,1,buy
1771728854685,1893456007554720,0.42,50,buy
1771728854685,1893456007554719,0.42,50,sell
1771728854936,1893456007554722,0.57,2,buy
1771728854936,1893456007554721,0.43,2,buy
1771728855113,1893456007554724,0.57,4,buy
1771728855113,1893456007554723,0.43,4,buy
1771728855446,1893456007554726,0.57,1,buy
1771728855446,1893456007554725,0.43,1,buy
1771728855587,1893456007554728,0.57,4,buy
1771728855587,1893456007554727,0.43,4,buy
1771728855967,1893456007554730,0.57,4,buy
1771728855967,1893456007554729,0.43,4,buy
1771728856308,1893456007554732,0.57,1,buy
1771728856308,1893456007554731,0.43,1,buy
1771728856456,1893456007554734,0.57,4,buy
1771728856456,1893456007554733,0.43,4,buy
1771728856747,1893456007554736,0.57,4,buy
1771728856747,1893456007554735,0.43,4,buy
1771728857026,1893456007554738,0.57,4,buy
1771728857026,1893456007554737,0.43,4,buy
1771728857310,1893456007554740,0.57,4,buy
1771728857310,1893456007554739,0.43,4,buy
1771728857433,1893456007554742,0.57,1,buy
1771728857433,1893456007554741,0.43,1,buy
1771728857746,1893456007554744,0.57,1,buy
1771728857746,1893456007554743,0.43,1,buy
1771728861266,1893456007554746,0.6,1,buy
1771728861266,1893456007554745,0.4,1,buy
1771728866368,1893456007554748,0.59,1,buy
1771728866368,1893456007554747,0.41,1,buy
1771728867666,1893456007554750,0.58,1,buy
1771728867666,1893456007554749,0.42,1,buy
1771728875916,1893456007554752,0.63,1,buy
1771728875916,1893456007554751,0.37,1,buy
1771728876728,1893456007554754,0.63,1,buy
1771728876728,1893456007554753,0.37,1,buy
1771728881381,1893456007554756,0.67,1,buy
1771728881381,1893456007554755,0.33,1,buy
1771728881514,1893456007554758,0.67,1,buy
1771728881514,1893456007554757,0.33,1,buy
1771728881628,1893456007554760,0.67,1,buy
1771728881628,1893456007554759,0.33,1,buy
1771728881805,1893456007554762,0.67,4,buy
1771728881805,1893456007554761,0.33,4,buy
1771728882413,1893456007554764,0.67,4,buy
1771728882413,1893456007554763,0.33,4,buy
1771728883380,1893456007554766,0.66,1,buy
1771728883380,1893456007554765,0.34,1,buy
1771728883487,1893456007554768,0.66,4,buy
1771728883487,1893456007554767,0.34,4,buy
1771728884834,1893456007554770,0.66,1,buy
1771728884834,1893456007554769,0.34,1,buy
1771728884942,1893456007554772,0.66,4,buy
1771728884942,1893456007554771,0.34,4,buy
1771728885084,1893456007554774,0.66,4,buy
1771728885084,1893456007554773,0.34,4,buy
1771728885185,1893456007554776,0.66,1,buy
1771728885185,1893456007554775,0.34,1,buy
1771728886076,1893456007554778,0.64,1,buy
1771728886076,1893456007554777,0.36,1,buy
1771728886196,1893456007554780,0.64,4,buy
1771728886196,1893456007554779,0.36,4,buy
1771728886426,1893456007554782,0.64,1,buy
1771728886426,1893456007554781,0.36,1,buy
1771728886537,1893456007554784,0.64,4,buy
1771728886537,1893456007554783,0.36,4,buy
1771728887137,1893456007554786,0.65,1,buy
1771728887137,1893456007554785,0.35,1,buy
1771728887247,1893456007554788,0.65,4,buy
1771728887247,1893456007554787,0.35,4,buy
1771728888213,1893456007554790,0.6,4,buy
1771728888213,1893456007554789,0.4,4,buy
1771728888308,1893456007554792,0.6,1,buy
1771728888308,1893456007554791,0.4,1,buy
1771728888426,1893456007554794,0.6,2,buy
1771728888426,1893456007554793,0.4,2,buy
1771728888543,1893456007554796,0.6,1,buy
1771728888543,1893456007554795,0.4,1,buy
1771728888644,1893456007554798,0.59,1,buy
1771728888644,1893456007554797,0.41,1,buy
1771728888787,1893456007554800,0.59,4,buy
1771728888787,1893456007554799,0.41,4,buy
1771728889037,1893456007554802,0.59,4,buy
1771728889037,1893456007554801,0.41,4,buy
1771728889156,1893456007554804,0.59,4,buy
1771728889156,1893456007554803,0.41,4,buy
1771728889277,1893456007554806,0.59,4,buy
1771728889277,1893456007554805,0.41,4,buy
1771728889379,1893456007554808,0.59,1,buy
1771728889379,1893456007554807,0.41,1,buy
1771728889496,1893456007554810,0.59,4,buy
1771728889496,1893456007554809,0.41,4,buy
1771728889597,1893456007554812,0.59,4,buy
1771728889597,1893456007554811,0.41,4,buy
1771728889698,1893456007554814,0.59,4,buy
1771728889698,1893456007554813,0.41,4,buy
1771728889933,1893456007554816,0.6,4,buy
1771728889933,1893456007554815,0.4,4,buy
1771728890116,1893456007554818,0.6,4,buy
1771728890116,1893456007554817,0.4,4,buy
1771728890241,1893456007554820,0.6,4,buy
1771728890241,1893456007554819,0.4,4,buy
1771728890425,1893456007554822,0.6,4,buy
1771728890425,1893456007554821,0.4,4,buy
1771728890524,1893456007554824,0.6,4,buy
1771728890524,1893456007554823,0.4,4,buy
1771728890825,1893456007554826,0.6,1,buy
1771728890825,1893456007554825,0.4,1,buy
1771728890933,1893456007554828,0.6,4,buy
1771728890933,1893456007554827,0.4,4,buy
1771728891037,1893456007554830,0.6,4,buy
1771728891037,1893456007554829,0.4,4,buy
1771728891168,1893456007554832,0.6,4,buy
1771728891168,1893456007554831,0.4,4,buy
1771728974912,1893456007554848,0.22,15,buy
1771728974912,1893456007554847,0.22,15,sell
