timestamp_ms,tid,price,amount,type
1771639341599,1893456007538475,0.13,1,buy
1771639341599,1893456007538474,0.87,1,buy
1771639341631,1893456007538477,0.87,1,buy
1771639341631,1893456007538476,0.13,1,buy
1771639341655,1893456007538479,0.87,1,buy
1771639341655,1893456007538478,0.13,1,buy
1771639341677,1893456007538481,0.87,1,buy
1771639341677,1893456007538480,0.13,1,buy
1771639341703,1893456007538483,0.87,1,buy
1771639341703,1893456007538482,0.13,1,buy
1771639341741,1893456007538485,0.87,1,buy
1771639341741,1893456007538484,0.13,1,buy
1771639341772,1893456007538487,0.87,1,buy
1771639341772,1893456007538486,0.13,1,buy
1771639341798,1893456007538489,0.87,1,buy
1771639341798,1893456007538488,0.13,1,buy
1771639341831,1893456007538491,0.87,1,buy
1771639341831,1893456007538490,0.13,1,buy
1771639341856,1893456007538493,0.87,1,buy
1771639341856,1893456007538492,0.13,1,buy
1771639341880,1893456007538495,0.87,1,buy
1771639341880,1893456007538494,0.13,1,buy
1771639341906,1893456007538497,0.87,1,buy
1771639341906,1893456007538496,0.13,1,buy
1771639341940,1893456007538499,0.87,1,buy
1771639341940,1893456007538498,0.13,1,buy
1771639359488,1893456007538505,0.87,1,buy
1771639359488,1893456007538504,0.13,1,buy
1771639359525,1893456007538507,0.87,1,buy
1771639359525,1893456007538506,0.13,1,buy
1771639359554,1893456007538509,0.87,1,buy
1771639359554,1893456007538508,0.13,1,buy
1771639359580,1893456007538511,0.87,1,buy
1771639359580,1893456007538510,0.13,1,buy
1771639359605,1893456007538513,0.87,1,buy
1771639359605,1893456007538512,0.13,1,buy
1771639359631,1893456007538515,0.87,1,buy
1771639359631,1893456007538514,0.13,1,buy
1771639359655,1893456007538517,0.87,1,buy
1771639359655,1893456007538516,0.13,1,buy
1771639359695,1893456007538519,0.87,1,buy
1771639359695,1893456007538518,0.13,1,buy
1771639359729,1893456007538521,0.87,1,buy
1771639359729,1893456007538520,0.13,1,buy
1771639359755,1893456007538523,0.87,1,buy
1771639359755,1893456007538522,0.13,1,buy
1771639359775,1893456007538525,0.87,1,buy
1771639359775,1893456007538524,0.13,1,buy
1771639359814,1893456007538527,0.87,1,buy
1771639359814,1893456007538526,0.13,1,buy
1771639359839,1893456007538529,0.87,1,buy
1771639359839,1893456007538528,0.13,1,buy
1771639359864,1893456007538531,0.87,1,buy
1771639359864,1893456007538530,0.13,1,buy
1771639359894,1893456007538533,0.87,1,buy
1771639359894,1893456007538532,0.13,1,buy
1771639359919,1893456007538535,0.87,1,buy
1771639359919,1893456007538534,0.13,1,buy
1771639359954,1893456007538537,0.87,1,buy
1771639359954,1893456007538536,0.13,1,buy
1771639359980,1893456007538539,0.87,1,buy
1771639359980,1893456007538538,0.13,1,buy
1771639360014,1893456007538541,0.87,1,buy
1771639360014,1893456007538540,0.13,1,buy
1771639360042,1893456007538543,0.87,1,buy
1771639360042,1893456007538542,0.13,1,buy
1771639360068,1893456007538545,0.87,1,buy
1771639360068,1893456007538544,0.13,1,buy
1771639360091,1893456007538547,0.87,1,buy
1771639360091,1893456007538546,0.13,1,buy
1771639360124,1893456007538549,0.87,1,buy
1771639360124,1893456007538548,0.13,1,buy
1771639360161,1893456007538551,0.87,1,buy
1771639360161,1893456007538550,0.13,1,buy
1771639360194,1893456007538553,0.87,1,buy
1771639360194,1893456007538552,0.13,1,buy
1771639360219,1893456007538555,0.87,1,buy
1771639360219,1893456007538554,0.13,1,buy
1771639360243,1893456007538557,0.87,1,buy
1771639360243,1893456007538556,0.13,1,buy
1771639360270,1893456007538559,0.87,1,buy
1771639360270,1893456007538558,0.13,1,buy
1771639360305,1893456007538561,0.87,1,buy
1771639360305,1893456007538560,0.13,1,buy
1771639360328,1893456007538563,0.87,1,buy
1771639360328,1893456007538562,0.13,1,buy
1771639360360,1893456007538565,0.87,1,buy
1771639360360,1893456007538564,0.13,1,buy
1771639360384,1893456007538567,0.87,1,buy
1771639360384,1893456007538566,0.13,1,buy
1771639372557,1893456007538587,0.87,1,buy
1771639372557,1893456007538586,0.13,1,buy
1771639372627,1893456007538589,0.87,1,buy
1771639372627,1893456007538588,0.13,1,buy
1771639372650,1893456007538591,0.87,1,buy
1771639372650,1893456007538590,0.13,1,buy
1771639372673,1893456007538593,0.87,1,buy
1771639372673,1893456007538592,0.13,1,buy
1771639372706,1893456007538595,0.87,1,buy
1771639372706,1893456007538594,0.13,1,buy
1771639372741,1893456007538597,0.87,1,buy
1771639372741,1893456007538596,0.13,1,buy
1771639372767,1893456007538599,0.87,1,buy
1771639372767,1893456007538598,0.13,1,buy
1771639372792,1893456007538601,0.87,1,buy
1771639372792,1893456007538600,0.13,1,buy
1771639372826,1893456007538603,0.87,1,buy
1771639372826,1893456007538602,0.13,1,buy
1771639372853,1893456007538605,0.87,1,buy
1771639372853,1893456007538604,0.13,1,buy
1771639372886,1893456007538607,0.87,1,buy
1771639372886,1893456007538606,0.13,1,buy
1771639372908,1893456007538609,0.87,1,buy
1771639372908,1893456007538608,0.13,1,buy
1771639372943,1893456007538611,0.87,1,buy
1771639372943,1893456007538610,0.13,1,buy
1771639372984,1893456007538613,0.87,1,buy
1771639372984,1893456007538612,0.13,1,buy
1771639373010,1893456007538615,0.87,1,buy
1771639373010,1893456007538614,0.13,1,buy
1771639373031,1893456007538617,0.87,1,buy
1771639373031,1893456007538616,0.13,1,buy
1771639373070,1893456007538619,0.87,1,buy
1771639373070,1893456007538618,0.13,1,buy
1771639373097,1893456007538621,0.87,1,buy
1771639373097,1893456007538620,0.13,1,buy
1771639373121,1893456007538623,0.87,1,buy
1771639373121,1893456007538622,0.13,1,buy
1771639373148,1893456007538625,0.87,1,buy
1771639373148,1893456007538624,0.13,1,buy
1771639373174,1893456007538627,0.87,1,buy
1771639373174,1893456007538626,0.13,1,buy
1771639373214,1893456007538629,0.87,1,buy
1771639373214,1893456007538628,0.13,1,buy
1771639373247,1893456007538631,0.87,1,buy
1771639373247,1893456007538630,0.13,1,buy
1771639373273,1893456007538633,0.87,1,buy
1771639373273,1893456007538632,0.13,1,buy
1771639373298,1893456007538635,0.87,1,buy
1771639373298,1893456007538634,0.13,1,buy
1771639373322,1893456007538637,0.87,1,buy
1771639373322,1893456007538636,0.13,1,buy
1771639373356,1893456007538639,0.87,1,buy
1771639373356,1893456007538638,0.13,1,buy
1771639373381,1893456007538641,0.87,1,buy
1771639373381,1893456007538640,0.13,1,buy
1771639373415,1893456007538643,0.87,1,buy
1771639373415,1893456007538642,0.13,1,buy
1771639373442,1893456007538645,0.87,1,buy
1771639373442,1893456007538644,0.13,1,buy
1771639373466,1893456007538647,0.87,1,buy
1771639373466,1893456007538646,0.13,1,buy
1771639373503,1893456007538649,0.87,1,buy
1771639373503,1893456007538648,0.13,1,buy
1771639373536,1893456007538651,0.87,1,buy
1771639373536,1893456007538650,0.13,1,buy
1771639373573,1893456007538653,0.87,1,buy
1771639373573,1893456007538652,0.13,1,buy
1771639373606,1893456007538655,0.87,1,buy
1771639373606,1893456007538654,0.13,1,buy
1771639373631,1893456007538657,0.87,1,buy
1771639373631,1893456007538656,0.13,1,buy
1771639373666,1893456007538659,0.87,1,buy
1771639373666,1893456007538658,0.13,1,buy
1771639373688,1893456007538661,0.87,1,buy
1771639373688,1893456007538660,0.13,1,buy
1771639373713,1893456007538663,0.87,1,buy
1771639373713,1893456007538662,0.13,1,buy
1771639373740,1893456007538665,0.87,1,buy
1771639373740,1893456007538664,0.13,1,buy
1771639373776,1893456007538667,0.87,1,buy
1771639373776,1893456007538666,0.13,1,buy
1771639373802,1893456007538669,0.87,1,buy
1771639373802,1893456007538668,0.13,1,buy
1771639373836,1893456007538671,0.87,1,buy
1771639373836,1893456007538670,0.13,1,buy
1771639373862,1893456007538673,0.87,1,buy
1771639373862,1893456007538672,0.13,1,buy
1771639373888,1893456007538675,0.87,1,buy
1771639373888,1893456007538674,0.13,1,buy
1771639401808,1893456007538682,0.88,200,buy
1771639401808,1893456007538681,0.12,100,buy
1771639401808,1893456007538680,0.12,100,buy
1771639438606,1893456007538688,0.85,2,buy
1771639438606,1893456007538687,0.15,2,buy
1771639438896,1893456007538690,0.85,2,buy
1771639438896,1893456007538689,0.15,2,buy
1771639438920,1893456007538692,0.85,2,buy
1771639438920,1893456007538691,0.15,2,buy
1771639438961,1893456007538694,0.85,2,buy
1771639438961,1893456007538693,0.15,2,buy
1771639438996,1893456007538696,0.85,2,buy
1771639438996,1893456007538695,0.15,2,buy
1771639439032,1893456007538698,0.85,2,buy
1771639439032,1893456007538697,0.15,2,buy
1771639439054,1893456007538700,0.85,2,buy
1771639439054,1893456007538699,0.15,2,buy
1771639439078,1893456007538702,0.85,2,buy
1771639439078,1893456007538701,0.15,2,buy
1771639439105,1893456007538704,0.85,2,buy
1771639439105,1893456007538703,0.15,2,buy
1771639439145,1893456007538706,0.85,2,buy
1771639439145,1893456007538705,0.15,2,buy
1771639439180,1893456007538708,0.85,2,buy
1771639439180,1893456007538707,0.15,2,buy
1771639439216,1893456007538710,0.85,2,buy
1771639439216,1893456007538709,0.15,2,buy
1771639439242,1893456007538712,0.85,2,buy
1771639439242,1893456007538711,0.15,2,buy
1771639439274,1893456007538714,0.85,2,buy
1771639439274,1893456007538713,0.15,2,buy
1771639439297,1893456007538716,0.85,2,buy
1771639439297,1893456007538715,0.15,2,buy
1771639439336,1893456007538718,0.85,2,buy
1771639439336,1893456007538717,0.15,2,buy
1771639439359,1893456007538720,0.85,2,buy
1771639439359,1893456007538719,0.15,2,buy
1771639439392,1893456007538722,0.85,2,buy
1771639439392,1893456007538721,0.15,2,buy
1771639439415,1893456007538724,0.85,2,buy
1771639439415,1893456007538723,0.15,2,buy
1771639439442,1893456007538726,0.85,2,buy
1771639439442,1893456007538725,0.15,2,buy
1771639439476,1893456007538728,0.85,2,buy
1771639439476,1893456007538727,0.15,2,buy
1771639439510,1893456007538730,0.85,2,buy
1771639439510,1893456007538729,0.15,2,buy
1771639439534,1893456007538732,0.85,2,buy
1771639439534,1893456007538731,0.15,2,buy
1771639468476,1893456007538755,0.86,200,buy
1771639468476,1893456007538754,0.14,100,buy
1771639468476,1893456007538753,0.14,100,buy
1771639573455,1893456007538997,0.87,20,buy
1771639573455,1893456007538996,0.13,20,buy
1771639607349,1893456007539051,0.88,3,buy
1771639607349,1893456007539050,0.12,3,buy
1771639607357,1893456007539053,0.88,1,buy
1771639607357,1893456007539052,0.12,1,buy
1771639607562,1893456007539055,0.88,1,buy
1771639607562,1893456007539054,0.12,1,buy
1771639607583,1893456007539057,0.88,1,buy
1771639607583,1893456007539056,0.12,1,buy
1771639607608,1893456007539059,0.88,1,buy
1771639607608,1893456007539058,0.12,1,buy
1771639607636,1893456007539061,0.88,1,buy
1771639607636,1893456007539060,0.12,1,buy
1771639607662,1893456007539063,0.88,1,buy
1771639607662,1893456007539062,0.12,1,buy
1771639607686,1893456007539065,0.88,1,buy
1771639607686,1893456007539064,0.12,1,buy
1771639607713,1893456007539067,0.88,1,buy
1771639607713,1893456007539066,0.12,1,buy
1771639607750,1893456007539069,0.88,1,buy
1771639607750,1893456007539068,0.12,1,buy
1771639607776,1893456007539071,0.88,1,buy
1771639607776,1893456007539070,0.12,1,buy
1771639607809,1893456007539073,0.88,1,buy
1771639607809,1893456007539072,0.12,1,buy
1771639607833,1893456007539075,0.88,1,buy
1771639607833,1893456007539074,0.12,1,buy
1771639607874,1893456007539077,0.88,1,buy
1771639607874,1893456007539076,0.12,1,buy
1771639607897,1893456007539079,0.88,1,buy
1771639607897,1893456007539078,0.12,1,buy
1771639608016,1893456007539081,0.88,1,buy
1771639608016,1893456007539080,0.12,1,buy
1771639608039,1893456007539083,0.88,6,buy
1771639608039,1893456007539082,0.12,6,buy
1771639608165,1893456007539085,0.88,1,buy
1771639608165,1893456007539084,0.12,1,buy
1771639608206,1893456007539087,0.88,2,buy
1771639608206,1893456007539086,0.12,2,buy
1771639608315,1893456007539089,0.88,1,buy
1771639608315,1893456007539088,0.12,1,buy
1771639758376,1893456007539121,0.9,5,buy
1771639758376,1893456007539120,0.1,5,buy
