timestamp_ms,tid,price,amount,type
1771434434705,1893456007512085,0.88,1,buy
1771434434705,1893456007512084,0.12,1,buy
1771434473347,1893456007512093,0.12,4,buy
1771434473347,1893456007512092,0.88,4,buy
1771434535918,1893456007512095,0.12,6,buy
1771434535918,1893456007512094,0.88,6,buy
1771435560117,1893456007512161,0.14,9,buy
1771435560117,1893456007512160,0.86,9,buy
1771436420543,1893456007512198,0.87,1,buy
1771436420543,1893456007512197,0.13,1,buy
1771442705773,1893456007512867,0.18,1,buy
1771442705773,1893456007512866,0.82,1,buy
1771465357376,1893456007516977,0.85,400,buy
1771465357376,1893456007516976,0.15,400,buy
1771466417808,1893456007517223,0.15,60,buy
1771466417808,1893456007517222,0.85,60,buy
1771474182105,1893456007518591,0.14,100,buy
1771474182105,1893456007518590,0.86,100,buy
1771492953985,1893456007519776,0.88,1,buy
1771492953985,1893456007519775,0.12,1,buy
1771495359726,1893456007519902,0.13,574,buy
1771495359726,1893456007519901,0.87,574,buy
1771495360317,1893456007519904,0.87,574,buy
1771495360317,1893456007519903,0.13,574,buy
1771495362583,1893456007519906,0.87,574,buy
1771495362583,1893456007519905,0.13,574,buy
1771495364486,1893456007519908,0.87,574,buy
1771495364486,1893456007519907,0.13,574,buy
1771495366436,1893456007519910,0.87,574,buy
1771495366436,1893456007519909,0.13,574,buy
1771495368478,1893456007519912,0.87,130,buy
1771495368478,1893456007519911,0.13,130,buy
1771521840823,1893456007522135,0.13,574,buy
1771521840823,1893456007522134,0.87,574,buy
1771521854074,1893456007522141,0.87,226,buy
1771521854074,1893456007522140,0.13,226,buy
1771528081545,1893456007522606,0.89,1,buy
1771528081545,1893456007522605,0.11,1,buy
1771818345364,1893456007568582,0.9,40,buy
1771818345364,1893456007568581,0.1,40,buy
1771824688716,1893456007569321,0.08,1,sell
1771824688716,1893456007569320,0.08,1,buy
1771833825776,1893456007570559,0.04,4,buy
1771833825776,1893456007570558,0.96,4,buy
1771850656469,1893456007571677,0.97,10,buy
1771850656469,1893456007571676,0.03,10,buy
1771855750396,1893456007572114,0.03,309,buy
1771855750396,1893456007572113,0.97,309,buy
1771855751294,1893456007572116,0.97,309,buy
1771855751294,1893456007572115,0.03,309,buy
1771855753302,1893456007572118,0.97,309,buy
1771855753302,1893456007572117,0.03,309,buy
1771855755245,1893456007572120,0.97,73,buy
1771855755245,1893456007572119,0.03,73,buy
1771856497333,1893456007572194,0.03,236,buy
1771856497333,1893456007572193,0.97,236,buy
1771867556646,1893456007575804,0.93,4,buy
1771867556646,1893456007575803,0.07,4,buy
1771873664513,1893456007578243,0.97,300,buy
1771873664513,1893456007578242,0.03,300,buy
1771874579001,1893456007578325,0.03,700,buy
1771874579001,1893456007578324,0.97,700,buy
1771875612124,1893456007578468,0.09,1,buy
1771875612124,1893456007578467,0.91,1,buy
1771877494246,1893456007578726,0.09,11,buy
1771877494246,1893456007578725,0.91,11,buy
1771877662731,1893456007578752,0.1,10,buy
1771877662731,1893456007578751,0.9,10,buy
1771877963296,1893456007578798,0.94,49,buy
1771877963296,1893456007578797,0.06,49,buy
1771884887597,1893456007579837,0.07,3,buy
1771884887597,1893456007579836,0.03,309,buy
1771884887597,1893456007579835,0.93,3,buy
1771884887597,1893456007579834,0.97,309,buy
1771890773595,1893456007581149,0.04,312,buy
1771890773595,1893456007581148,0.96,312,buy
1771890774561,1893456007581153,0.96,312,buy
1771890774561,1893456007581152,0.04,312,buy
1771890776749,1893456007581155,0.96,312,buy
1771890776749,1893456007581154,0.04,312,buy
1771890778615,1893456007581157,0.96,312,buy
1771890778615,1893456007581156,0.04,312,buy
1771890780545,1893456007581159,0.96,312,buy
1771890780545,1893456007581158,0.04,312,buy
1771890782579,1893456007581161,0.96,312,buy
1771890782579,1893456007581160,0.04,312,buy
1771890784667,1893456007581163,0.96,312,buy
1771890784667,1893456007581162,0.04,312,buy
1771890786631,1893456007581165,0.96,312,buy
1771890786631,1893456007581164,0.04,312,buy
1771890788584,1893456007581167,0.96,312,buy
1771890788584,1893456007581166,0.04,312,buy
1771890790653,1893456007581169,0.96,192,buy
1771890790653,1893456007581168,0.04,192,buy
1771902237266,1893456007584681,0.05,5,buy
1771902237266,1893456007584680,0.95,5,buy
1771902864767,1893456007584759,0.06,4,buy
1771902864767,1893456007584758,0.06,4,sell
1771902879461,1893456007584762,0.07,6,buy
1771902879461,1893456007584761,0.07,5,sell
1771902879461,1893456007584760,0.93,1,buy
1771905651856,1893456007585230,0.95,71,buy
1771905651856,1893456007585229,0.05,71,buy
1771906526920,1893456007585313,0.25,2,buy
1771906526920,1893456007585312,0.25,2,sell
1771906699199,1893456007585392,0.29,1,buy
1771906699199,1893456007585391,0.29,1,sell
1771906851096,1893456007585418,0.75,49,buy
1771906851096,1893456007585417,0.25,49,buy
1771907418089,1893456007585500,0.18,1,buy
1771907418089,1893456007585499,0.82,1,buy
1771907442955,1893456007585506,0.81,8,buy
1771907442955,1893456007585505,0.19,8,buy
1771910684506,1893456007585792,0.34,1,buy
1771910684506,1893456007585791,0.34,1,sell
1771910709600,1893456007585796,0.39,1,buy
1771910709600,1893456007585795,0.39,1,sell
1771910992665,1893456007585802,0.72,340,buy
1771910992665,1893456007585801,0.28,340,buy
1771913108829,1893456007585922,0.23,1,buy
1771913108829,1893456007585921,0.77,1,buy
1771913909035,1893456007585989,0.93,21,buy
1771913909035,1893456007585988,0.07,21,buy
1771915525722,1893456007586121,0.03,11,buy
1771915525722,1893456007586120,0.97,11,buy
1771916062087,1893456007586169,0.12,39,buy
1771916062087,1893456007586168,0.88,39,buy
1771916127173,1893456007586179,0.15,19,buy
1771916127173,1893456007586178,0.85,19,buy
1771916160815,1893456007586188,0.16,297,buy
1771916160815,1893456007586187,0.84,197,buy
1771916160815,1893456007586186,0.84,100,buy
1771916559233,1893456007586233,0.06,79,buy
1771916559233,1893456007586232,0.94,79,buy
1771916689042,1893456007586241,0.09,316,buy
1771916689042,1893456007586240,0.09,316,sell
1771916864387,1893456007586247,0.05,315,buy
1771916864387,1893456007586246,0.95,315,buy
1771916865316,1893456007586249,0.95,315,buy
1771916865316,1893456007586248,0.05,315,buy
1771916867496,1893456007586251,0.95,315,buy
1771916867496,1893456007586250,0.05,315,buy
1771916869318,1893456007586253,0.95,315,buy
1771916869318,1893456007586252,0.05,315,buy
1771916871151,1893456007586255,0.95,315,buy
1771916871151,1893456007586254,0.05,315,buy
1771916872037,1893456007586257,0.95,312,buy
1771916872037,1893456007586256,0.05,312,buy
1771916873435,1893456007586259,0.95,312,buy
1771916873435,1893456007586258,0.05,312,buy
1771916875728,1893456007586261,0.95,312,buy
1771916875728,1893456007586260,0.05,312,buy
1771916877429,1893456007586263,0.95,312,buy
1771916877429,1893456007586262,0.05,312,buy
1771916879358,1893456007586265,0.95,312,buy
1771916879358,1893456007586264,0.05,312,buy
1771916881265,1893456007586267,0.95,312,buy
1771916881265,1893456007586266,0.05,312,buy
1771916882178,1893456007586269,0.95,315,buy
1771916882178,1893456007586268,0.05,315,buy
1771916883405,1893456007586271,0.95,315,buy
1771916883405,1893456007586270,0.05,315,buy
1771916885268,1893456007586273,0.95,315,buy
1771916885268,1893456007586272,0.05,315,buy
1771916887441,1893456007586275,0.95,315,buy
1771916887441,1893456007586274,0.05,315,buy
1771916894826,1893456007586277,0.95,112,buy
1771916894826,1893456007586276,0.05,112,buy
1771916899566,1893456007586279,0.95,315,buy
1771916899566,1893456007586278,0.05,315,buy
1771916901685,1893456007586281,0.95,315,buy
1771916901685,1893456007586280,0.05,315,buy
1771916903519,1893456007586283,0.95,315,buy
1771916903519,1893456007586282,0.05,315,buy
1771916905466,1893456007586285,0.95,315,buy
1771916905466,1893456007586284,0.05,315,buy
1771916907442,1893456007586287,0.95,315,buy
1771916907442,1893456007586286,0.05,315,buy
1771916909558,1893456007586289,0.95,315,buy
1771916909558,1893456007586288,0.05,315,buy
1771916911806,1893456007586291,0.95,315,buy
1771916911806,1893456007586290,0.05,315,buy
1771916913713,1893456007586293,0.95,315,buy
1771916913713,1893456007586292,0.05,315,buy
1771916915558,1893456007586295,0.95,315,buy
1771916915558,1893456007586294,0.05,315,buy
1771916917632,1893456007586297,0.95,315,buy
1771916917632,1893456007586296,0.05,315,buy
1771916919855,1893456007586299,0.95,315,buy
1771916919855,1893456007586298,0.05,315,buy
1771916921696,1893456007586301,0.95,315,buy
1771916921696,1893456007586300,0.05,315,buy
1771916923615,1893456007586303,0.95,315,buy
1771916923615,1893456007586302,0.05,315,buy
1771916925586,1893456007586305,0.95,315,buy
1771916925586,1893456007586304,0.05,315,buy
1771916927665,1893456007586309,0.95,315,buy
1771916927665,1893456007586308,0.05,315,buy
1771916929688,1893456007586311,0.95,315,buy
1771916929688,1893456007586310,0.05,315,buy
1771916931672,1893456007586313,0.95,141,buy
1771916931672,1893456007586312,0.05,141,buy
1771916969520,1893456007586317,0.98,30,buy
1771916969520,1893456007586316,0.02,30,buy
1771917373796,1893456007586336,0.97,112,sell
1771917373796,1893456007586335,0.97,112,buy
1771919390917,1893456007586397,0.02,100,buy
1771919390917,1893456007586396,0.98,100,buy
1771919426013,1893456007586399,0.98,100,buy
1771919426013,1893456007586398,0.02,100,buy
1771919495988,1893456007586401,0.98,100,buy
1771919495988,1893456007586400,0.02,100,buy
1771919514697,1893456007586403,0.98,100,buy
1771919514697,1893456007586402,0.02,100,buy
1771919542857,1893456007586405,0.98,5,buy
1771919542857,1893456007586404,0.02,5,buy
1771919567385,1893456007586407,0.02,6195,sell
1771919567385,1893456007586406,0.02,6195,buy
