timestamp_ms,tid,price,amount,type
1771898502708,1893456007583439,0.27,3,buy
1771898502708,1893456007583438,0.73,3,buy
1771898502733,1893456007583441,0.73,3,buy
1771898502733,1893456007583440,0.27,3,buy
1771898502775,1893456007583443,0.73,3,buy
1771898502775,1893456007583442,0.27,3,buy
1771898502800,1893456007583445,0.73,3,buy
1771898502800,1893456007583444,0.27,3,buy
1771898502831,1893456007583447,0.73,3,buy
1771898502831,1893456007583446,0.27,3,buy
1771898502866,1893456007583449,0.73,3,buy
1771898502866,1893456007583448,0.27,3,buy
1771898502904,1893456007583451,0.73,3,buy
1771898502904,1893456007583450,0.27,3,buy
1771898502936,1893456007583453,0.73,3,buy
1771898502936,1893456007583452,0.27,3,buy
1771898502964,1893456007583455,0.73,3,buy
1771898502964,1893456007583454,0.27,3,buy
1771898502989,1893456007583457,0.73,3,buy
1771898502989,1893456007583456,0.27,3,buy
1771898503014,1893456007583459,0.73,3,buy
1771898503014,1893456007583458,0.27,3,buy
1771898503047,1893456007583461,0.73,3,buy
1771898503047,1893456007583460,0.27,3,buy
1771898503084,1893456007583463,0.73,3,buy
1771898503084,1893456007583462,0.27,3,buy
1771898503111,1893456007583465,0.73,3,buy
1771898503111,1893456007583464,0.27,3,buy
1771898503144,1893456007583467,0.73,3,buy
1771898503144,1893456007583466,0.27,3,buy
1771898503174,1893456007583469,0.73,3,buy
1771898503174,1893456007583468,0.27,3,buy
1771898503895,1893456007583471,0.73,50,buy
1771898503895,1893456007583470,0.27,50,buy
1771898539817,1893456007583525,0.76,50,buy
1771898539817,1893456007583524,0.24,50,buy
1771898558727,1893456007583527,0.25,100,buy
1771898558727,1893456007583526,0.75,100,buy
1771898579763,1893456007583557,0.22,3,buy
1771898579763,1893456007583556,0.78,3,buy
1771898579794,1893456007583559,0.78,3,buy
1771898579794,1893456007583558,0.22,3,buy
1771898579832,1893456007583561,0.78,3,buy
1771898579832,1893456007583560,0.22,3,buy
1771898579865,1893456007583563,0.78,3,buy
1771898579865,1893456007583562,0.22,3,buy
1771898579901,1893456007583565,0.78,3,buy
1771898579901,1893456007583564,0.22,3,buy
1771898579927,1893456007583567,0.78,3,buy
1771898579927,1893456007583566,0.22,3,buy
1771898588017,1893456007583569,0.23,3,buy
1771898588017,1893456007583568,0.77,3,buy
1771898588059,1893456007583571,0.77,3,buy
1771898588059,1893456007583570,0.23,3,buy
1771898588094,1893456007583573,0.77,3,buy
1771898588094,1893456007583572,0.23,3,buy
1771898588124,1893456007583575,0.77,3,buy
1771898588124,1893456007583574,0.23,3,buy
1771898588164,1893456007583577,0.77,3,buy
1771898588164,1893456007583576,0.23,3,buy
1771898588195,1893456007583579,0.77,3,buy
1771898588195,1893456007583578,0.23,3,buy
1771898588234,1893456007583581,0.77,3,buy
1771898588234,1893456007583580,0.23,3,buy
1771898588262,1893456007583583,0.77,3,buy
1771898588262,1893456007583582,0.23,3,buy
1771898588295,1893456007583585,0.77,3,buy
1771898588295,1893456007583584,0.23,3,buy
1771898588324,1893456007583587,0.77,3,buy
1771898588324,1893456007583586,0.23,3,buy
1771898588357,1893456007583589,0.77,3,buy
1771898588357,1893456007583588,0.23,3,buy
1771898588382,1893456007583591,0.77,3,buy
1771898588382,1893456007583590,0.23,3,buy
1771898588410,1893456007583593,0.77,3,buy
1771898588410,1893456007583592,0.23,3,buy
1771898588448,1893456007583595,0.77,3,buy
1771898588448,1893456007583594,0.23,3,buy
1771898588485,1893456007583597,0.77,3,buy
1771898588485,1893456007583596,0.23,3,buy
1771898588512,1893456007583599,0.77,3,buy
1771898588512,1893456007583598,0.23,3,buy
1771898588544,1893456007583601,0.77,3,buy
1771898588544,1893456007583600,0.23,3,buy
1771898588569,1893456007583603,0.77,3,buy
1771898588569,1893456007583602,0.23,3,buy
1771898588595,1893456007583605,0.77,3,buy
1771898588595,1893456007583604,0.23,3,buy
1771898588622,1893456007583607,0.77,3,buy
1771898588622,1893456007583606,0.23,3,buy
1771898588654,1893456007583609,0.77,3,buy
1771898588654,1893456007583608,0.23,3,buy
1771898588688,1893456007583611,0.77,3,buy
1771898588688,1893456007583610,0.23,3,buy
1771898588729,1893456007583613,0.77,3,buy
1771898588729,1893456007583612,0.23,3,buy
1771898588756,1893456007583615,0.77,3,buy
1771898588756,1893456007583614,0.23,3,buy
1771898588794,1893456007583617,0.77,3,buy
1771898588794,1893456007583616,0.23,3,buy
1771898588831,1893456007583619,0.77,3,buy
1771898588831,1893456007583618,0.23,3,buy
1771898650947,1893456007583668,0.24,100,buy
1771898650947,1893456007583667,0.76,97,buy
1771898650947,1893456007583666,0.76,3,buy
1771898658927,1893456007583670,0.24,3,buy
1771898658927,1893456007583669,0.76,3,buy
1771898714257,1893456007583682,0.32,100,buy
1771898714257,1893456007583681,0.68,100,buy
1771898718968,1893456007583684,0.32,100,buy
1771898718968,1893456007583683,0.68,100,buy
1771898721880,1893456007583691,0.32,100,buy
1771898721880,1893456007583690,0.68,100,buy
1771898759624,1893456007583726,0.7,3,buy
1771898759624,1893456007583725,0.3,3,buy
1771898759659,1893456007583728,0.7,3,buy
1771898759659,1893456007583727,0.3,3,buy
1771898759685,1893456007583730,0.7,3,buy
1771898759685,1893456007583729,0.3,3,buy
1771898759709,1893456007583732,0.7,3,buy
1771898759709,1893456007583731,0.3,3,buy
1771898759743,1893456007583734,0.7,3,buy
1771898759743,1893456007583733,0.3,3,buy
1771898759774,1893456007583736,0.7,3,buy
1771898759774,1893456007583735,0.3,3,buy
1771898759804,1893456007583738,0.7,3,buy
1771898759804,1893456007583737,0.3,3,buy
1771898759829,1893456007583740,0.7,3,buy
1771898759829,1893456007583739,0.3,3,buy
1771898759864,1893456007583742,0.7,3,buy
1771898759864,1893456007583741,0.3,3,buy
1771898759904,1893456007583744,0.7,3,buy
1771898759904,1893456007583743,0.3,3,buy
1771898759944,1893456007583746,0.7,3,buy
1771898759944,1893456007583745,0.3,3,buy
1771898759988,1893456007583748,0.7,3,buy
1771898759988,1893456007583747,0.3,3,buy
1771898760013,1893456007583750,0.7,3,buy
1771898760013,1893456007583749,0.3,3,buy
1771898760044,1893456007583752,0.7,3,buy
1771898760044,1893456007583751,0.3,3,buy
1771898760100,1893456007583754,0.7,3,buy
1771898760100,1893456007583753,0.3,3,buy
1771898760134,1893456007583756,0.7,3,buy
1771898760134,1893456007583755,0.3,3,buy
1771898760164,1893456007583758,0.7,3,buy
1771898760164,1893456007583757,0.3,3,buy
1771898760191,1893456007583760,0.7,3,buy
1771898760191,1893456007583759,0.3,3,buy
1771898760234,1893456007583762,0.7,3,buy
1771898760234,1893456007583761,0.3,3,buy
1771898760261,1893456007583764,0.7,3,buy
1771898760261,1893456007583763,0.3,3,buy
1771898760294,1893456007583766,0.7,3,buy
1771898760294,1893456007583765,0.3,3,buy
1771898760343,1893456007583768,0.7,3,buy
1771898760343,1893456007583767,0.3,3,buy
1771898760384,1893456007583770,0.7,3,buy
1771898760384,1893456007583769,0.3,3,buy
1771898760416,1893456007583774,0.7,3,buy
1771898760416,1893456007583773,0.3,3,buy
1771898760444,1893456007583776,0.7,3,buy
1771898760444,1893456007583775,0.3,3,buy
1771898760476,1893456007583778,0.7,3,buy
1771898760476,1893456007583777,0.3,3,buy
1771898760501,1893456007583780,0.7,3,buy
1771898760501,1893456007583779,0.3,3,buy
1771898760528,1893456007583782,0.7,3,buy
1771898760528,1893456007583781,0.3,3,buy
1771898760567,1893456007583784,0.7,3,buy
1771898760567,1893456007583783,0.3,3,buy
1771898760593,1893456007583786,0.7,3,buy
1771898760593,1893456007583785,0.3,3,buy
1771898763195,1893456007583790,0.7,3,buy
1771898763195,1893456007583789,0.3,3,buy
1771898763216,1893456007583792,0.7,100,buy
1771898763216,1893456007583791,0.3,100,buy
1771898763229,1893456007583794,0.7,3,buy
1771898763229,1893456007583793,0.3,3,buy
1771898763260,1893456007583796,0.7,3,buy
1771898763260,1893456007583795,0.3,3,buy
1771898763292,1893456007583798,0.7,3,buy
1771898763292,1893456007583797,0.3,3,buy
1771898763324,1893456007583800,0.7,3,buy
1771898763324,1893456007583799,0.3,3,buy
1771898763358,1893456007583802,0.7,3,buy
1771898763358,1893456007583801,0.3,3,buy
1771898763391,1893456007583804,0.7,3,buy
1771898763391,1893456007583803,0.3,3,buy
1771898763431,1893456007583806,0.7,6,buy
1771898763431,1893456007583805,0.3,6,buy
1771898763432,1893456007583808,0.7,3,buy
1771898763432,1893456007583807,0.3,3,buy
1771898763464,1893456007583812,0.7,3,buy
1771898763464,1893456007583811,0.3,3,buy
1771898763464,1893456007583810,0.7,6,buy
1771898763464,1893456007583809,0.3,6,buy
1771898763494,1893456007583816,0.7,3,buy
1771898763494,1893456007583815,0.3,3,buy
1771898763494,1893456007583814,0.7,6,buy
1771898763494,1893456007583813,0.3,6,buy
1771898763527,1893456007583820,0.7,3,buy
1771898763527,1893456007583819,0.3,3,buy
1771898763527,1893456007583818,0.7,6,buy
1771898763527,1893456007583817,0.3,6,buy
1771898763553,1893456007583824,0.7,3,buy
1771898763553,1893456007583823,0.3,3,buy
1771898763553,1893456007583822,0.7,6,buy
1771898763553,1893456007583821,0.3,6,buy
1771898763580,1893456007583828,0.7,3,buy
1771898763580,1893456007583827,0.3,3,buy
1771898763580,1893456007583826,0.7,6,buy
1771898763580,1893456007583825,0.3,6,buy
1771898763604,1893456007583832,0.7,3,buy
1771898763604,1893456007583831,0.3,3,buy
1771898763604,1893456007583830,0.7,6,buy
1771898763604,1893456007583829,0.3,6,buy
1771898763630,1893456007583836,0.7,3,buy
1771898763630,1893456007583835,0.3,3,buy
1771898763630,1893456007583834,0.7,6,buy
1771898763630,1893456007583833,0.3,6,buy
1771898763667,1893456007583840,0.7,3,buy
1771898763667,1893456007583839,0.3,3,buy
1771898763667,1893456007583838,0.7,6,buy
1771898763667,1893456007583837,0.3,6,buy
1771898763694,1893456007583842,0.7,3,buy
1771898763694,1893456007583841,0.3,3,buy
1771898763729,1893456007583844,0.7,3,buy
1771898763729,1893456007583843,0.3,3,buy
1771898763756,1893456007583846,0.7,3,buy
1771898763756,1893456007583845,0.3,3,buy
1771898763792,1893456007583848,0.7,3,buy
1771898763792,1893456007583847,0.3,3,buy
1771898763824,1893456007583850,0.7,3,buy
1771898763824,1893456007583849,0.3,3,buy
1771898763863,1893456007583852,0.7,3,buy
1771898763863,1893456007583851,0.3,3,buy
1771898763892,1893456007583854,0.7,3,buy
1771898763892,1893456007583853,0.3,3,buy
1771898763924,1893456007583856,0.7,3,buy
1771898763924,1893456007583855,0.3,3,buy
1771898763963,1893456007583858,0.7,3,buy
1771898763963,1893456007583857,0.3,3,buy
1771898763998,1893456007583860,0.7,3,buy
1771898763998,1893456007583859,0.3,3,buy
1771898764026,1893456007583862,0.7,3,buy
1771898764026,1893456007583861,0.3,3,buy
1771898764056,1893456007583864,0.7,3,buy
1771898764056,1893456007583863,0.3,3,buy
1771898764093,1893456007583866,0.7,3,buy
1771898764093,1893456007583865,0.3,3,buy
1771898764124,1893456007583868,0.7,3,buy
1771898764124,1893456007583867,0.3,3,buy
1771898764156,1893456007583870,0.7,3,buy
1771898764156,1893456007583869,0.3,3,buy
1771898764194,1893456007583872,0.7,3,buy
1771898764194,1893456007583871,0.3,3,buy
1771898764234,1893456007583874,0.7,3,buy
1771898764234,1893456007583873,0.3,3,buy
1771898764266,1893456007583876,0.7,3,buy
1771898764266,1893456007583875,0.3,3,buy
1771898764312,1893456007583878,0.7,3,buy
1771898764312,1893456007583877,0.3,3,buy
1771898764336,1893456007583880,0.7,3,buy
1771898764336,1893456007583879,0.3,3,buy
1771898764386,1893456007583882,0.7,3,buy
1771898764386,1893456007583881,0.3,3,buy
1771898764411,1893456007583884,0.7,3,buy
1771898764411,1893456007583883,0.3,3,buy
1771898764439,1893456007583886,0.7,3,buy
1771898764439,1893456007583885,0.3,3,buy
1771898764470,1893456007583888,0.7,3,buy
1771898764470,1893456007583887,0.3,3,buy
1771898764495,1893456007583890,0.7,3,buy
1771898764495,1893456007583889,0.3,3,buy
1771898764523,1893456007583892,0.7,3,buy
1771898764523,1893456007583891,0.3,3,buy
1771898764554,1893456007583894,0.7,3,buy
1771898764554,1893456007583893,0.3,3,buy
1771898764581,1893456007583896,0.7,3,buy
1771898764581,1893456007583895,0.3,3,buy
1771898764620,1893456007583898,0.7,3,buy
1771898764620,1893456007583897,0.3,3,buy
1771898785454,1893456007583909,0.77,168,buy
1771898785454,1893456007583908,0.76,100,buy
1771898785454,1893456007583907,0.7,121,buy
1771898785454,1893456007583906,0.23,168,buy
1771898785454,1893456007583905,0.24,100,buy
1771898785454,1893456007583904,0.3,121,buy
1771898788554,1893456007583911,0.7,121,buy
1771898788554,1893456007583910,0.7,121,sell
1771899491694,1893456007584062,0.15,3,buy
1771899491694,1893456007584061,0.85,3,buy
1771899491734,1893456007584064,0.15,3,buy
1771899491734,1893456007584063,0.85,3,buy
1771899491761,1893456007584066,0.15,3,buy
1771899491761,1893456007584065,0.85,3,buy
