timestamp_ms,tid,price,amount,type
1772549005596,1893456007729747,0.86,40,buy
1772549005596,1893456007729746,0.85,18,buy
1772549005596,1893456007729745,0.14,40,buy
1772549005596,1893456007729744,0.15,18,buy
1772549005603,1893456007729751,0.14,18,buy
1772549005603,1893456007729750,0.86,18,buy
1772549005603,1893456007729749,0.14,40,buy
1772549005603,1893456007729748,0.86,40,buy
1772549005622,1893456007729753,0.14,40,buy
1772549005622,1893456007729752,0.86,40,buy
1772549005627,1893456007729758,0.14,18,buy
1772549005627,1893456007729757,0.86,14,buy
1772549005627,1893456007729756,0.86,4,buy
1772549005627,1893456007729755,0.14,40,buy
1772549005627,1893456007729754,0.86,40,buy
1772549005634,1893456007729762,0.14,18,buy
1772549005634,1893456007729761,0.86,18,buy
1772549005634,1893456007729760,0.14,40,buy
1772549005634,1893456007729759,0.86,40,buy
1772549005638,1893456007729764,0.87,71,buy
1772549005638,1893456007729763,0.13,71,buy
1772549005642,1893456007729768,0.14,11,buy
1772549005642,1893456007729767,0.13,29,buy
1772549005642,1893456007729766,0.86,11,buy
1772549005642,1893456007729765,0.87,29,buy
1772549005654,1893456007729770,0.14,18,buy
1772549005654,1893456007729769,0.86,18,buy
1772549005664,1893456007729772,0.14,18,buy
1772549005664,1893456007729771,0.86,18,buy
1772549005672,1893456007729774,0.14,18,buy
1772549005672,1893456007729773,0.86,18,buy
1772549005714,1893456007729776,0.15,19,buy
1772549005714,1893456007729775,0.85,19,buy
1772549005715,1893456007729778,0.15,40,buy
1772549005715,1893456007729777,0.85,40,buy
1772549005724,1893456007729782,0.15,19,buy
1772549005724,1893456007729781,0.85,19,buy
1772549005724,1893456007729780,0.15,40,buy
1772549005724,1893456007729779,0.85,40,buy
1772549005766,1893456007729784,0.86,18,buy
1772549005766,1893456007729783,0.14,18,buy
1772549005774,1893456007729786,0.14,18,buy
1772549005774,1893456007729785,0.86,18,buy
1772549005784,1893456007729788,0.14,18,buy
1772549005784,1893456007729787,0.86,18,buy
1772549005793,1893456007729790,0.14,18,buy
1772549005793,1893456007729789,0.86,18,buy
1772549005807,1893456007729792,0.87,40,buy
1772549005807,1893456007729791,0.13,40,buy
1772549005811,1893456007729794,0.13,18,buy
1772549005811,1893456007729793,0.87,18,buy
1772549005824,1893456007729798,0.13,2,buy
1772549005824,1893456007729797,0.87,2,buy
1772549005824,1893456007729796,0.13,40,buy
1772549005824,1893456007729795,0.87,40,buy
1772549010654,1893456007729800,0.14,18,buy
1772549010654,1893456007729799,0.86,18,buy
1772549010663,1893456007729802,0.14,18,buy
1772549010663,1893456007729801,0.86,18,buy
1772549010676,1893456007729804,0.14,18,buy
1772549010676,1893456007729803,0.86,18,buy
1772549010684,1893456007729806,0.14,18,buy
1772549010684,1893456007729805,0.86,18,buy
1772549010761,1893456007729810,0.14,9,buy
1772549010761,1893456007729809,0.86,9,buy
1772549010761,1893456007729808,0.14,19,buy
1772549010761,1893456007729807,0.86,19,buy
1772549010774,1893456007729812,0.15,19,buy
1772549010774,1893456007729811,0.85,19,buy
1772549010781,1893456007729814,0.15,19,buy
1772549010781,1893456007729813,0.85,19,buy
1772549010791,1893456007729816,0.15,19,buy
1772549010791,1893456007729815,0.85,19,buy
1772549010803,1893456007729818,0.15,19,buy
1772549010803,1893456007729817,0.85,19,buy
1772549010814,1893456007729820,0.15,19,buy
1772549010814,1893456007729819,0.85,19,buy
1772549010824,1893456007729822,0.15,5,buy
1772549010824,1893456007729821,0.85,5,buy
1772549011051,1893456007729824,0.85,19,buy
1772549011051,1893456007729823,0.15,19,buy
1772549011056,1893456007729826,0.15,19,buy
1772549011056,1893456007729825,0.85,19,buy
1772549011073,1893456007729828,0.15,19,buy
1772549011073,1893456007729827,0.85,19,buy
1772549011082,1893456007729830,0.15,19,buy
1772549011082,1893456007729829,0.85,19,buy
1772549011094,1893456007729832,0.15,19,buy
1772549011094,1893456007729831,0.85,19,buy
1772549011104,1893456007729834,0.15,5,buy
1772549011104,1893456007729833,0.85,5,buy
1772549011118,1893456007729836,0.85,14,buy
1772549011118,1893456007729835,0.15,14,buy
1772549011123,1893456007729838,0.15,19,buy
1772549011123,1893456007729837,0.85,19,buy
1772549011141,1893456007729840,0.15,19,buy
1772549011141,1893456007729839,0.85,19,buy
1772549011146,1893456007729842,0.15,19,buy
1772549011146,1893456007729841,0.85,19,buy
1772549011154,1893456007729844,0.15,19,buy
1772549011154,1893456007729843,0.85,19,buy
1772549011162,1893456007729846,0.15,19,buy
1772549011162,1893456007729845,0.85,19,buy
1772549011166,1893456007729848,0.15,19,buy
1772549011166,1893456007729847,0.85,19,buy
1772549011167,1893456007729850,0.86,40,buy
1772549011167,1893456007729849,0.14,40,buy
1772549011175,1893456007729852,0.14,19,buy
1772549011175,1893456007729851,0.86,19,buy
1772549011184,1893456007729854,0.14,19,buy
1772549011184,1893456007729853,0.86,19,buy
1772549011192,1893456007729856,0.14,19,buy
1772549011192,1893456007729855,0.86,19,buy
1772549011204,1893456007729858,0.14,3,buy
1772549011204,1893456007729857,0.86,3,buy
1772549016475,1893456007729881,0.84,20,buy
1772549016475,1893456007729880,0.16,20,buy
1772549016482,1893456007729883,0.16,20,buy
1772549016482,1893456007729882,0.84,20,buy
1772549016494,1893456007729885,0.16,20,buy
1772549016494,1893456007729884,0.84,20,buy
1772549016504,1893456007729887,0.16,20,buy
1772549016504,1893456007729886,0.84,20,buy
1772549016514,1893456007729889,0.16,20,buy
1772549016514,1893456007729888,0.84,20,buy
1772549085076,1893456007730156,0.36,25,buy
1772549085076,1893456007730155,0.64,25,buy
1772549363178,1893456007730198,0.5,113,buy
1772549363178,1893456007730197,0.49,63,buy
1772549363178,1893456007730196,0.48,29,buy
1772549363178,1893456007730195,0.5,113,buy
1772549363178,1893456007730194,0.51,63,buy
1772549363178,1893456007730193,0.52,29,buy
1772549363186,1893456007730204,0.51,63,buy
1772549363186,1893456007730203,0.49,63,buy
1772549363186,1893456007730202,0.51,29,buy
1772549363186,1893456007730201,0.49,29,buy
1772549363186,1893456007730200,0.5,95,buy
1772549363186,1893456007730199,0.5,95,buy
1772549363191,1893456007730206,0.51,29,buy
1772549363191,1893456007730205,0.49,29,buy
1772549363204,1893456007730208,0.51,29,buy
1772549363204,1893456007730207,0.49,29,buy
1772549363213,1893456007730210,0.51,29,buy
1772549363213,1893456007730209,0.49,29,buy
1772549363224,1893456007730212,0.51,29,buy
1772549363224,1893456007730211,0.49,29,buy
1772549363229,1893456007730216,0.51,37,buy
1772549363229,1893456007730215,0.5,63,buy
1772549363229,1893456007730214,0.49,37,buy
1772549363229,1893456007730213,0.5,63,buy
1772549363239,1893456007730218,0.51,29,buy
1772549363239,1893456007730217,0.49,29,buy
1772549363246,1893456007730220,0.51,76,buy
1772549363246,1893456007730219,0.49,76,buy
1772549363252,1893456007730222,0.51,29,buy
1772549363252,1893456007730221,0.49,29,buy
1772549363271,1893456007730228,0.52,108,buy
1772549363271,1893456007730227,0.51,63,buy
1772549363271,1893456007730226,0.5,29,buy
1772549363271,1893456007730225,0.48,108,buy
1772549363271,1893456007730224,0.49,63,buy
1772549363271,1893456007730223,0.5,29,buy
1772549363303,1893456007730234,0.51,29,buy
1772549363303,1893456007730233,0.49,29,buy
1772549363323,1893456007730236,0.51,29,buy
1772549363323,1893456007730235,0.49,29,buy
1772549363324,1893456007730240,0.51,36,buy
1772549363324,1893456007730239,0.5,64,buy
1772549363324,1893456007730238,0.49,36,buy
1772549363324,1893456007730237,0.5,64,buy
1772549363334,1893456007730242,0.51,29,buy
1772549363334,1893456007730241,0.49,29,buy
1772549363443,1893456007730246,0.46,15,buy
1772549363443,1893456007730245,0.45,100,buy
1772549363443,1893456007730244,0.54,15,buy
1772549363443,1893456007730243,0.55,100,buy
1772549363444,1893456007730250,0.46,65,buy
1772549363444,1893456007730249,0.54,65,buy
1772549363444,1893456007730248,0.46,30,buy
1772549363444,1893456007730247,0.54,30,buy
1772549363454,1893456007730256,0.46,65,buy
1772549363454,1893456007730255,0.54,65,buy
1772549363454,1893456007730254,0.46,30,buy
1772549363454,1893456007730253,0.54,30,buy
1772549363454,1893456007730252,0.46,115,buy
1772549363454,1893456007730251,0.54,115,buy
1772549363465,1893456007730258,0.46,80,buy
1772549363465,1893456007730257,0.54,80,buy
1772549363507,1893456007730262,0.52,65,buy
1772549363507,1893456007730261,0.51,30,buy
1772549363507,1893456007730260,0.48,65,buy
1772549363507,1893456007730259,0.49,30,buy
1772549363514,1893456007730264,0.48,30,buy
1772549363514,1893456007730263,0.52,30,buy
1772549363534,1893456007730266,0.48,30,buy
1772549363534,1893456007730265,0.52,30,buy
1772549363539,1893456007730268,0.48,30,buy
1772549363539,1893456007730267,0.52,30,buy
1772549554772,1893456007730302,0.94,151,buy
1772549554772,1893456007730301,0.06,151,buy
