timestamp_ms,tid,price,amount,type
1772731913628,1893456007759821,0.83,65,buy
1772731913628,1893456007759820,0.82,74,buy
1772731913628,1893456007759819,0.81,42,buy
1772731913628,1893456007759818,0.8,19,buy
1772731913628,1893456007759817,0.17,65,buy
1772731913628,1893456007759816,0.18,74,buy
1772731913628,1893456007759815,0.19,42,buy
1772731913628,1893456007759814,0.2,19,buy
1772731913685,1893456007759825,0.82,42,buy
1772731913685,1893456007759824,0.81,20,buy
1772731913685,1893456007759823,0.18,42,buy
1772731913685,1893456007759822,0.19,20,buy
1772731913696,1893456007759829,0.18,42,buy
1772731913696,1893456007759828,0.82,42,buy
1772731913696,1893456007759827,0.18,20,buy
1772731913696,1893456007759826,0.82,20,buy
1772731913706,1893456007759833,0.18,20,buy
1772731913706,1893456007759832,0.82,20,buy
1772731913706,1893456007759831,0.18,42,buy
1772731913706,1893456007759830,0.82,42,buy
1772731913721,1893456007759835,0.18,14,buy
1772731913721,1893456007759834,0.82,14,buy
1772731913738,1893456007759837,0.82,6,buy
1772731913738,1893456007759836,0.18,6,buy
1772731913743,1893456007759839,0.18,20,buy
1772731913743,1893456007759838,0.82,20,buy
1772731913761,1893456007759841,0.18,20,buy
1772731913761,1893456007759840,0.82,20,buy
1772731913776,1893456007759843,0.18,20,buy
1772731913776,1893456007759842,0.82,20,buy
1772731913782,1893456007759845,0.18,20,buy
1772731913782,1893456007759844,0.82,20,buy
1772731913786,1893456007759847,0.18,14,buy
1772731913786,1893456007759846,0.82,14,buy
1772731914121,1893456007759849,0.83,19,buy
1772731914121,1893456007759848,0.17,19,buy
1772731914127,1893456007759851,0.17,19,buy
1772731914127,1893456007759850,0.83,19,buy
1772731914136,1893456007759853,0.17,19,buy
1772731914136,1893456007759852,0.83,19,buy
1772731914147,1893456007759855,0.17,19,buy
1772731914147,1893456007759854,0.83,19,buy
1772731914152,1893456007759857,0.17,24,buy
1772731914152,1893456007759856,0.83,24,buy
1772731914154,1893456007759859,0.18,19,buy
1772731914154,1893456007759858,0.82,19,buy
1772731914155,1893456007759861,0.18,42,buy
1772731914155,1893456007759860,0.82,42,buy
1772731914166,1893456007759863,0.18,19,buy
1772731914166,1893456007759862,0.82,19,buy
1772731914176,1893456007759865,0.18,42,buy
1772731914176,1893456007759864,0.82,42,buy
1772731914217,1893456007759867,0.18,20,buy
1772731914217,1893456007759866,0.82,20,buy
1772731914236,1893456007759869,0.18,20,buy
1772731914236,1893456007759868,0.82,20,buy
1772731914246,1893456007759871,0.18,20,buy
1772731914246,1893456007759870,0.82,20,buy
1772731914263,1893456007759873,0.18,20,buy
1772731914263,1893456007759872,0.82,20,buy
1772731914282,1893456007759875,0.18,20,buy
1772731914282,1893456007759874,0.82,20,buy
1772731914288,1893456007759877,0.18,20,buy
1772731914288,1893456007759876,0.82,20,buy
1772731914306,1893456007759879,0.18,20,buy
1772731914306,1893456007759878,0.82,20,buy
1772731914326,1893456007759881,0.18,18,buy
1772731914326,1893456007759880,0.82,18,buy
1772731914422,1893456007759883,0.82,2,buy
1772731914422,1893456007759882,0.18,2,buy
1772731914427,1893456007759885,0.18,20,buy
1772731914427,1893456007759884,0.82,20,buy
1772731914436,1893456007759887,0.18,20,buy
1772731914436,1893456007759886,0.82,20,buy
1772731914446,1893456007759889,0.18,20,buy
1772731914446,1893456007759888,0.82,20,buy
1772731914462,1893456007759891,0.18,20,buy
1772731914462,1893456007759890,0.82,20,buy
1772731914472,1893456007759893,0.18,18,buy
1772731914472,1893456007759892,0.82,18,buy
1772731915127,1893456007759897,0.19,43,buy
1772731915127,1893456007759896,0.81,43,buy
1772731915127,1893456007759895,0.19,20,buy
1772731915127,1893456007759894,0.81,20,buy
1772731915136,1893456007759899,0.19,20,buy
1772731915136,1893456007759898,0.81,20,buy
1772731915146,1893456007759901,0.19,20,buy
1772731915146,1893456007759900,0.81,20,buy
1772731915197,1893456007759903,0.81,20,buy
1772731915197,1893456007759902,0.19,20,buy
1772731915202,1893456007759905,0.19,20,buy
1772731915202,1893456007759904,0.81,20,buy
1772731915212,1893456007759907,0.19,20,buy
1772731915212,1893456007759906,0.81,20,buy
1772731915216,1893456007759909,0.19,20,buy
1772731915216,1893456007759908,0.81,20,buy
1772731915232,1893456007759911,0.19,20,buy
1772731915232,1893456007759910,0.81,20,buy
1772731916546,1893456007759913,0.19,20,buy
1772731916546,1893456007759912,0.81,20,buy
1772731916552,1893456007759915,0.19,20,buy
1772731916552,1893456007759914,0.81,20,buy
1772731916563,1893456007759917,0.19,20,buy
1772731916563,1893456007759916,0.81,20,buy
1772731916572,1893456007759919,0.19,20,buy
1772731916572,1893456007759918,0.81,20,buy
1772731916582,1893456007759921,0.19,20,buy
1772731916582,1893456007759920,0.81,20,buy
1772731918366,1893456007759923,0.19,25,buy
1772731918366,1893456007759922,0.81,25,buy
1772731918418,1893456007759925,0.19,25,buy
1772731918418,1893456007759924,0.81,25,buy
1772731918456,1893456007759927,0.19,25,buy
1772731918456,1893456007759926,0.81,25,buy
1772731918546,1893456007759929,0.19,25,buy
1772731918546,1893456007759928,0.81,25,buy
1772731921617,1893456007759931,0.18,19,buy
1772731921617,1893456007759930,0.82,19,buy
1772731921626,1893456007759933,0.18,19,buy
1772731921626,1893456007759932,0.82,19,buy
1772731921636,1893456007759935,0.18,25,buy
1772731921636,1893456007759934,0.82,25,buy
1772731921646,1893456007759937,0.18,19,buy
1772731921646,1893456007759936,0.82,19,buy
1772731921666,1893456007759939,0.18,18,buy
1772731921666,1893456007759938,0.82,18,buy
1772731921934,1893456007759941,0.19,25,buy
1772731921934,1893456007759940,0.81,25,buy
1772731922006,1893456007759943,0.19,25,buy
1772731922006,1893456007759942,0.81,25,buy
