timestamp_ms,tid,price,amount,type
1772849188826,1893456007790181,0.91,27,buy
1772849188826,1893456007790180,0.09,27,buy
1772849213765,1893456007790192,0.14,40,buy
1772849213765,1893456007790191,0.13,329,buy
1772849213765,1893456007790190,0.86,40,buy
1772849213765,1893456007790189,0.87,229,buy
1772849213765,1893456007790188,0.87,100,buy
1772850047065,1893456007790375,0.09,208,buy
1772850047065,1893456007790374,0.08,33,buy
1772850047065,1893456007790373,0.91,108,buy
1772850047065,1893456007790372,0.91,100,buy
1772850047065,1893456007790371,0.92,33,buy
1772850340614,1893456007790459,0.82,50,buy
1772850340614,1893456007790458,0.18,50,buy
1772850342882,1893456007790461,0.82,42,buy
1772850342882,1893456007790460,0.18,42,buy
1772850406431,1893456007790469,0.18,30,buy
1772850406431,1893456007790468,0.82,30,buy
1772850406454,1893456007790471,0.82,30,buy
1772850406454,1893456007790470,0.18,30,buy
1772850406501,1893456007790473,0.82,30,buy
1772850406501,1893456007790472,0.18,30,buy
1772850406534,1893456007790476,0.82,30,buy
1772850406534,1893456007790475,0.18,20,buy
1772850406534,1893456007790474,0.18,10,buy
1772850420666,1893456007790478,0.18,30,buy
1772850420666,1893456007790477,0.82,30,buy
1772850420701,1893456007790480,0.82,30,buy
1772850420701,1893456007790479,0.18,30,buy
1772850420734,1893456007790482,0.82,30,buy
1772850420734,1893456007790481,0.18,30,buy
1772850453730,1893456007790502,0.18,30,buy
1772850453730,1893456007790501,0.82,30,buy
1772850453760,1893456007790504,0.82,30,buy
1772850453760,1893456007790503,0.18,30,buy
1772850453792,1893456007790506,0.82,30,buy
1772850453792,1893456007790505,0.18,30,buy
1772850453834,1893456007790508,0.82,30,buy
1772850453834,1893456007790507,0.18,30,buy
1772850453836,1893456007790510,0.19,30,buy
1772850453836,1893456007790509,0.81,30,buy
1772850453864,1893456007790512,0.81,30,buy
1772850453864,1893456007790511,0.19,30,buy
1772850453887,1893456007790514,0.81,30,buy
1772850453887,1893456007790513,0.19,30,buy
1772850537424,1893456007790544,0.21,30,buy
1772850537424,1893456007790543,0.79,30,buy
1772850537467,1893456007790546,0.79,30,buy
1772850537467,1893456007790545,0.21,30,buy
1772850537479,1893456007790548,0.22,30,buy
1772850537479,1893456007790547,0.78,30,buy
1772850537496,1893456007790550,0.78,30,buy
1772850537496,1893456007790549,0.22,30,buy
1772850537534,1893456007790552,0.78,30,buy
1772850537534,1893456007790551,0.22,30,buy
1772850537550,1893456007790554,0.78,10,buy
1772850537550,1893456007790553,0.22,10,buy
1772850585328,1893456007790583,0.23,30,buy
1772850585328,1893456007790582,0.77,30,buy
1772850585369,1893456007790585,0.77,30,buy
1772850585369,1893456007790584,0.23,30,buy
1772850585394,1893456007790587,0.77,30,buy
1772850585394,1893456007790586,0.23,30,buy
1772850634247,1893456007790627,0.2,30,buy
1772850634247,1893456007790626,0.8,30,buy
1772850634313,1893456007790629,0.8,30,buy
1772850634313,1893456007790628,0.2,30,buy
1772850634354,1893456007790631,0.8,30,buy
1772850634354,1893456007790630,0.2,30,buy
1772850674828,1893456007790711,0.22,30,buy
1772850674828,1893456007790710,0.78,30,buy
1772850674874,1893456007790713,0.78,30,buy
1772850674874,1893456007790712,0.22,30,buy
1772850675713,1893456007790715,0.23,30,buy
1772850675713,1893456007790714,0.77,30,buy
1772850675802,1893456007790717,0.77,30,buy
1772850675802,1893456007790716,0.23,30,buy
1772850675834,1893456007790719,0.77,30,buy
1772850675834,1893456007790718,0.23,30,buy
1772850675873,1893456007790721,0.77,10,buy
1772850675873,1893456007790720,0.23,10,buy
1772850738979,1893456007790743,0.22,26,buy
1772850738979,1893456007790742,0.21,30,buy
1772850738979,1893456007790741,0.2,30,buy
1772850738979,1893456007790740,0.19,30,buy
1772850738979,1893456007790739,0.78,26,buy
1772850738979,1893456007790738,0.79,30,buy
1772850738979,1893456007790737,0.8,30,buy
1772850738979,1893456007790736,0.81,30,buy
1772850867385,1893456007790845,0.84,3,buy
1772850867385,1893456007790844,0.16,3,buy
1772850867472,1893456007790847,0.84,3,buy
1772850867472,1893456007790846,0.16,3,buy
1772850867677,1893456007790849,0.84,3,buy
1772850867677,1893456007790848,0.16,3,buy
1772850867769,1893456007790851,0.84,3,buy
1772850867769,1893456007790850,0.16,3,buy
1772850867962,1893456007790853,0.84,3,buy
1772850867962,1893456007790852,0.16,3,buy
1772850868164,1893456007790855,0.84,3,buy
1772850868164,1893456007790854,0.16,3,buy
1772850868365,1893456007790857,0.84,3,buy
1772850868365,1893456007790856,0.16,3,buy
1772850868407,1893456007790859,0.84,3,buy
1772850868407,1893456007790858,0.16,3,buy
1772850868677,1893456007790861,0.84,3,buy
1772850868677,1893456007790860,0.16,3,buy
1772850868976,1893456007790863,0.84,3,buy
1772850868976,1893456007790862,0.16,3,buy
1772850869027,1893456007790865,0.84,3,buy
1772850869027,1893456007790864,0.16,3,buy
1772850869216,1893456007790867,0.84,3,buy
1772850869216,1893456007790866,0.16,3,buy
1772850869416,1893456007790871,0.84,3,buy
1772850869416,1893456007790870,0.16,3,buy
1772850869416,1893456007790869,0.84,3,buy
1772850869416,1893456007790868,0.16,3,buy
1772850869772,1893456007790873,0.84,3,buy
1772850869772,1893456007790872,0.16,3,buy
1772850869976,1893456007790875,0.84,3,buy
1772850869976,1893456007790874,0.16,3,buy
1772850870000,1893456007790877,0.84,3,buy
1772850870000,1893456007790876,0.16,3,buy
1772850870166,1893456007790879,0.84,3,buy
1772850870166,1893456007790878,0.16,3,buy
1772850870296,1893456007790881,0.84,3,buy
1772850870296,1893456007790880,0.16,3,buy
1772850870672,1893456007790883,0.84,3,buy
1772850870672,1893456007790882,0.16,3,buy
1772850871007,1893456007790885,0.84,3,buy
1772850871007,1893456007790884,0.16,3,buy
1772850871167,1893456007790887,0.84,3,buy
1772850871167,1893456007790886,0.16,3,buy
1772850871587,1893456007790889,0.84,3,buy
1772850871587,1893456007790888,0.16,3,buy
1772850871626,1893456007790891,0.84,3,buy
1772850871626,1893456007790890,0.16,3,buy
1772850877324,1893456007790893,0.83,3,buy
1772850877324,1893456007790892,0.17,3,buy
1772850877617,1893456007790895,0.82,3,buy
1772850877617,1893456007790894,0.18,3,buy
1772850877635,1893456007790897,0.82,15,buy
1772850877635,1893456007790896,0.18,15,buy
1772850877644,1893456007790899,0.82,15,buy
1772850877644,1893456007790898,0.18,15,buy
1772850877655,1893456007790901,0.82,15,buy
1772850877655,1893456007790900,0.18,15,buy
1772850877664,1893456007790903,0.82,15,buy
1772850877664,1893456007790902,0.18,15,buy
1772850877674,1893456007790905,0.82,15,buy
1772850877674,1893456007790904,0.18,15,buy
1772850877701,1893456007790907,0.82,15,buy
1772850877701,1893456007790906,0.18,15,buy
1772850877714,1893456007790910,0.82,15,buy
1772850877714,1893456007790909,0.18,8,buy
1772850877714,1893456007790908,0.18,7,buy
1772850877724,1893456007790912,0.82,15,buy
1772850877724,1893456007790911,0.18,15,buy
1772850877736,1893456007790914,0.82,3,buy
1772850877736,1893456007790913,0.18,3,buy
1772850877817,1893456007790916,0.83,3,buy
1772850877817,1893456007790915,0.17,3,buy
1772850878077,1893456007790918,0.83,3,buy
1772850878077,1893456007790917,0.17,3,buy
1772850878509,1893456007790920,0.82,3,buy
1772850878509,1893456007790919,0.18,3,buy
1772850878596,1893456007790922,0.82,3,buy
1772850878596,1893456007790921,0.18,3,buy
1772850878682,1893456007790924,0.82,40,buy
1772850878682,1893456007790923,0.18,40,buy
1772850878716,1893456007790926,0.82,3,buy
1772850878716,1893456007790925,0.18,3,buy
1772850879081,1893456007790928,0.82,34,buy
1772850879081,1893456007790927,0.18,34,buy
1772850879105,1893456007790930,0.82,3,buy
1772850879105,1893456007790929,0.18,3,buy
1772850879701,1893456007790932,0.83,3,buy
1772850879701,1893456007790931,0.17,3,buy
1772850880156,1893456007790934,0.83,3,buy
1772850880156,1893456007790933,0.17,3,buy
1772850880326,1893456007790936,0.83,3,buy
1772850880326,1893456007790935,0.17,3,buy
1772850880474,1893456007790938,0.83,3,buy
1772850880474,1893456007790937,0.17,3,buy
1772850880717,1893456007790940,0.83,3,buy
1772850880717,1893456007790939,0.17,3,buy
1772850880807,1893456007790942,0.83,3,buy
1772850880807,1893456007790941,0.17,3,buy
1772850881002,1893456007790944,0.83,3,buy
1772850881002,1893456007790943,0.17,3,buy
1772850881067,1893456007790946,0.83,3,buy
1772850881067,1893456007790945,0.17,3,buy
1772850881205,1893456007790948,0.83,3,buy
1772850881205,1893456007790947,0.17,3,buy
1772850881347,1893456007790950,0.83,3,buy
1772850881347,1893456007790949,0.17,3,buy
1772850881543,1893456007790952,0.83,3,buy
1772850881543,1893456007790951,0.17,3,buy
1772850881606,1893456007790954,0.83,3,buy
1772850881606,1893456007790953,0.17,3,buy
1772850881912,1893456007790956,0.83,3,buy
1772850881912,1893456007790955,0.17,3,buy
1772850881946,1893456007790958,0.83,3,buy
1772850881946,1893456007790957,0.17,3,buy
1772850882201,1893456007790960,0.83,3,buy
1772850882201,1893456007790959,0.17,3,buy
1772850882408,1893456007790962,0.83,3,buy
1772850882408,1893456007790961,0.17,3,buy
1772850882508,1893456007790964,0.83,3,buy
1772850882508,1893456007790963,0.17,3,buy
1772850882707,1893456007790966,0.83,3,buy
1772850882707,1893456007790965,0.17,3,buy
1772850883027,1893456007790970,0.83,3,buy
1772850883027,1893456007790969,0.17,3,buy
1772850883027,1893456007790968,0.83,3,buy
1772850883027,1893456007790967,0.17,3,buy
1772850883205,1893456007790972,0.83,3,buy
1772850883205,1893456007790971,0.17,3,buy
1772850884343,1893456007790974,0.82,7,buy
1772850884343,1893456007790973,0.18,7,buy
1772850884612,1893456007790976,0.82,3,buy
1772850884612,1893456007790975,0.18,3,buy
1772850891056,1893456007790980,0.19,16,buy
1772850891056,1893456007790979,0.81,16,buy
1772850891065,1893456007790982,0.81,16,buy
1772850891065,1893456007790981,0.19,16,buy
1772850891075,1893456007790984,0.81,16,buy
1772850891075,1893456007790983,0.19,16,buy
1772850891144,1893456007790986,0.2,16,buy
1772850891144,1893456007790985,0.8,16,buy
1772850891154,1893456007790988,0.8,16,buy
1772850891154,1893456007790987,0.2,16,buy
1772850891164,1893456007790990,0.8,16,buy
1772850891164,1893456007790989,0.2,16,buy
1772850891174,1893456007790992,0.8,16,buy
1772850891174,1893456007790991,0.2,16,buy
1772850891179,1893456007790994,0.8,16,buy
1772850891179,1893456007790993,0.2,16,buy
1772850891201,1893456007790996,0.8,16,buy
1772850891201,1893456007790995,0.2,16,buy
1772850891209,1893456007790998,0.8,4,buy
1772850891209,1893456007790997,0.2,4,buy
1772850891227,1893456007791000,0.81,30,buy
1772850891227,1893456007790999,0.19,30,buy
1772850891244,1893456007791002,0.81,30,buy
1772850891244,1893456007791001,0.19,30,buy
1772850891265,1893456007791004,0.81,30,buy
1772850891265,1893456007791003,0.19,30,buy
1772850891534,1893456007791006,0.18,30,buy
1772850891534,1893456007791005,0.82,30,buy
1772850891592,1893456007791008,0.82,30,buy
1772850891592,1893456007791007,0.18,30,buy
1772850891634,1893456007791010,0.82,30,buy
1772850891634,1893456007791009,0.18,30,buy
1772850891677,1893456007791012,0.82,10,buy
1772850891677,1893456007791011,0.18,10,buy
1772850893153,1893456007791014,0.18,20,buy
1772850893153,1893456007791013,0.82,20,buy
1772850893173,1893456007791016,0.82,30,buy
1772850893173,1893456007791015,0.18,30,buy
1772851024477,1893456007791050,0.85,3,buy
1772851024477,1893456007791049,0.15,3,buy
1772851024477,1893456007791048,0.85,3,buy
1772851024477,1893456007791047,0.15,3,buy
1772851024548,1893456007791052,0.85,3,buy
1772851024548,1893456007791051,0.15,3,buy
1772851074594,1893456007791078,0.82,30,buy
1772851074594,1893456007791077,0.18,30,buy
1772851074654,1893456007791080,0.82,30,buy
1772851074654,1893456007791079,0.18,30,buy
1772851074871,1893456007791082,0.82,30,buy
1772851074871,1893456007791081,0.18,30,buy
1772851075444,1893456007791084,0.82,30,buy
1772851075444,1893456007791083,0.18,30,buy
1772851075512,1893456007791086,0.82,30,buy
1772851075512,1893456007791085,0.18,30,buy
1772851153433,1893456007791122,0.75,30,buy
1772851153433,1893456007791121,0.25,30,buy
1772851153470,1893456007791124,0.75,30,buy
1772851153470,1893456007791123,0.25,30,buy
1772851153497,1893456007791126,0.75,30,buy
1772851153497,1893456007791125,0.25,30,buy
1772851153534,1893456007791128,0.75,30,buy
1772851153534,1893456007791127,0.25,30,buy
1772851153574,1893456007791130,0.75,30,buy
1772851153574,1893456007791129,0.25,30,buy
1772851153597,1893456007791132,0.75,30,buy
1772851153597,1893456007791131,0.25,30,buy
1772851153618,1893456007791134,0.75,21,buy
1772851153618,1893456007791133,0.25,21,buy
1772851156765,1893456007791145,0.28,164,buy
1772851156765,1893456007791144,0.27,122,buy
1772851156765,1893456007791143,0.25,9,buy
1772851156765,1893456007791142,0.24,30,buy
1772851156765,1893456007791141,0.23,30,buy
1772851156765,1893456007791140,0.72,164,buy
1772851156765,1893456007791139,0.73,22,buy
1772851156765,1893456007791138,0.73,100,buy
1772851156765,1893456007791137,0.75,9,buy
1772851156765,1893456007791136,0.76,30,buy
1772851156765,1893456007791135,0.77,30,buy
1772851171276,1893456007791161,0.2,30,buy
1772851171276,1893456007791160,0.8,30,buy
1772851171305,1893456007791163,0.8,30,buy
1772851171305,1893456007791162,0.2,30,buy
1772851171335,1893456007791165,0.8,30,buy
1772851171335,1893456007791164,0.2,30,buy
1772851171361,1893456007791167,0.8,30,buy
1772851171361,1893456007791166,0.2,30,buy
1772851171384,1893456007791169,0.8,30,buy
1772851171384,1893456007791168,0.2,30,buy
1772851171386,1893456007791171,0.21,30,buy
1772851171386,1893456007791170,0.79,30,buy
1772851171407,1893456007791173,0.79,30,buy
1772851171407,1893456007791172,0.21,30,buy
1772851171433,1893456007791175,0.79,30,buy
1772851171433,1893456007791174,0.21,30,buy
