timestamp_ms,tid,price,amount,type
1771963311087,1893456007591519,0.5,167,buy
1771963311087,1893456007591518,0.49,17,buy
1771963311087,1893456007591517,0.48,310,buy
1771963311087,1893456007591516,0.47,6,buy
1771963311087,1893456007591515,0.5,167,buy
1771963311087,1893456007591514,0.51,17,buy
1771963311087,1893456007591513,0.52,200,buy
1771963311087,1893456007591512,0.52,100,buy
1771963311087,1893456007591511,0.52,10,buy
1771963311087,1893456007591510,0.53,6,buy
1771963457912,1893456007591765,0.64,53,buy
1771963457912,1893456007591764,0.63,100,buy
1771963457912,1893456007591763,0.36,53,buy
1771963457912,1893456007591762,0.37,100,buy
1771963627405,1893456007591785,0.58,8,buy
1771963627405,1893456007591784,0.42,8,buy
1771963692507,1893456007591793,0.43,6,buy
1771963692507,1893456007591792,0.42,5,buy
1771963692507,1893456007591791,0.57,6,buy
1771963692507,1893456007591790,0.58,5,buy
1771963781092,1893456007591801,0.29,3,buy
1771963781092,1893456007591800,0.71,3,buy
1771964231832,1893456007591870,0.51,47,buy
1771964231832,1893456007591869,0.5,117,buy
1771964231832,1893456007591868,0.49,10,buy
1771964231832,1893456007591867,0.48,6,buy
1771964231832,1893456007591866,0.49,47,buy
1771964231832,1893456007591865,0.5,17,buy
1771964231832,1893456007591864,0.5,100,buy
1771964231832,1893456007591863,0.51,10,buy
1771964231832,1893456007591862,0.52,6,buy
1771964358961,1893456007591879,0.63,23,buy
1771964358961,1893456007591878,0.62,300,buy
1771964358961,1893456007591877,0.37,23,buy
1771964358961,1893456007591876,0.38,200,buy
1771964358961,1893456007591875,0.38,100,buy
1771964600698,1893456007591911,0.5,165,buy
1771964600698,1893456007591910,0.5,65,buy
1771964600698,1893456007591909,0.5,100,buy
1771964773513,1893456007591945,0.54,88,buy
1771964773513,1893456007591944,0.46,88,buy
1771964821071,1893456007591957,0.55,8,buy
1771964821071,1893456007591956,0.45,8,buy
1771965142322,1893456007592015,0.66,100,buy
1771965142322,1893456007592014,0.34,100,buy
1771965198207,1893456007592019,0.56,10,buy
1771965198207,1893456007592018,0.44,10,buy
1771965204265,1893456007592021,0.56,307,buy
1771965204265,1893456007592020,0.44,307,buy
1771965204632,1893456007592023,0.56,100,buy
1771965204632,1893456007592022,0.44,100,buy
1771965204668,1893456007592025,0.56,100,buy
1771965204668,1893456007592024,0.44,100,buy
1771965204680,1893456007592027,0.56,200,buy
1771965204680,1893456007592026,0.44,200,buy
1771965206747,1893456007592031,0.56,200,buy
1771965206747,1893456007592030,0.44,200,buy
1771965206747,1893456007592029,0.56,100,buy
1771965206747,1893456007592028,0.44,100,buy
1771965207245,1893456007592033,0.56,100,buy
1771965207245,1893456007592032,0.44,100,buy
1771965207426,1893456007592035,0.56,200,buy
1771965207426,1893456007592034,0.44,200,buy
1771965207586,1893456007592037,0.56,100,buy
1771965207586,1893456007592036,0.44,100,buy
1771965207664,1893456007592039,0.56,6,buy
1771965207664,1893456007592038,0.44,6,buy
1771965207703,1893456007592041,0.56,6,buy
1771965207703,1893456007592040,0.44,6,buy
1771965207709,1893456007592043,0.56,200,buy
1771965207709,1893456007592042,0.44,200,buy
1771965207734,1893456007592045,0.56,6,buy
1771965207734,1893456007592044,0.44,6,buy
1771965207737,1893456007592047,0.56,300,buy
1771965207737,1893456007592046,0.44,300,buy
1771965207768,1893456007592049,0.56,6,buy
1771965207768,1893456007592048,0.44,6,buy
1771965207813,1893456007592051,0.56,6,buy
1771965207813,1893456007592050,0.44,6,buy
1771965207844,1893456007592053,0.56,6,buy
1771965207844,1893456007592052,0.44,6,buy
1771965207845,1893456007592055,0.56,100,buy
1771965207845,1893456007592054,0.44,100,buy
1771965207876,1893456007592057,0.56,100,buy
1771965207876,1893456007592056,0.44,100,buy
1771965207882,1893456007592059,0.56,6,buy
1771965207882,1893456007592058,0.44,6,buy
1771965207916,1893456007592061,0.56,6,buy
1771965207916,1893456007592060,0.44,6,buy
1771965207953,1893456007592063,0.56,6,buy
1771965207953,1893456007592062,0.44,6,buy
1771965207987,1893456007592065,0.56,6,buy
1771965207987,1893456007592064,0.44,6,buy
1771965208084,1893456007592067,0.56,6,buy
1771965208084,1893456007592066,0.44,6,buy
1771965208122,1893456007592069,0.56,6,buy
1771965208122,1893456007592068,0.44,6,buy
1771965208158,1893456007592071,0.56,6,buy
1771965208158,1893456007592070,0.44,6,buy
1771965208185,1893456007592073,0.56,6,buy
1771965208185,1893456007592072,0.44,6,buy
1771965208222,1893456007592075,0.56,6,buy
1771965208222,1893456007592074,0.44,6,buy
1771965208256,1893456007592077,0.56,6,buy
1771965208256,1893456007592076,0.44,6,buy
1771965208289,1893456007592079,0.56,6,buy
1771965208289,1893456007592078,0.44,6,buy
1771965208314,1893456007592081,0.56,3,buy
1771965208314,1893456007592080,0.44,3,buy
1771965470254,1893456007592103,0.58,100,buy
1771965470254,1893456007592102,0.42,100,buy
1771965501623,1893456007592109,0.6,102,buy
1771965501623,1893456007592108,0.59,7,buy
1771965501623,1893456007592107,0.4,102,buy
1771965501623,1893456007592106,0.41,7,buy
1771965955056,1893456007592121,0.68,100,buy
1771965955056,1893456007592120,0.32,100,buy
1771966086545,1893456007592125,0.74,396,buy
1771966086545,1893456007592124,0.26,396,buy
1771966120895,1893456007592131,0.72,199,buy
1771966120895,1893456007592130,0.28,199,buy
1771966450355,1893456007592146,0.9,743,buy
1771966450355,1893456007592145,0.1,743,buy
1771966574698,1893456007592156,0.94,50,buy
1771966574698,1893456007592155,0.06,50,buy
1771966639748,1893456007592162,0.04,50,buy
1771966639748,1893456007592161,0.96,50,buy
