timestamp_ms,tid,price,amount,type
1771600063502,1893456007528906,0.52,1,buy
1771600063502,1893456007528905,0.51,1,buy
1771600063502,1893456007528904,0.48,1,buy
1771600063502,1893456007528903,0.49,1,buy
1771600063531,1893456007528908,0.48,1,buy
1771600063531,1893456007528907,0.52,1,buy
1771600063551,1893456007528910,0.48,1,buy
1771600063551,1893456007528909,0.52,1,buy
1771600063574,1893456007528912,0.48,1,buy
1771600063574,1893456007528911,0.52,1,buy
1771600063597,1893456007528914,0.48,1,buy
1771600063597,1893456007528913,0.52,1,buy
1771600063616,1893456007528916,0.48,1,buy
1771600063616,1893456007528915,0.52,1,buy
1771600063633,1893456007528918,0.48,1,buy
1771600063633,1893456007528917,0.52,1,buy
1771600063672,1893456007528920,0.48,1,buy
1771600063672,1893456007528919,0.52,1,buy
1771600063786,1893456007528922,0.48,1,buy
1771600063786,1893456007528921,0.52,1,buy
1771600063808,1893456007528924,0.48,1,buy
1771600063808,1893456007528923,0.52,1,buy
1771600063873,1893456007528926,0.48,9,buy
1771600063873,1893456007528925,0.52,9,buy
1771600063928,1893456007528928,0.48,1,buy
1771600063928,1893456007528927,0.52,1,buy
1771600064152,1893456007528930,0.48,1,buy
1771600064152,1893456007528929,0.52,1,buy
1771600064357,1893456007528932,0.48,1,buy
1771600064357,1893456007528931,0.52,1,buy
1771600064378,1893456007528934,0.48,1,buy
1771600064378,1893456007528933,0.52,1,buy
1771600064430,1893456007528936,0.48,1,buy
1771600064430,1893456007528935,0.52,1,buy
1771600064458,1893456007528938,0.48,1,buy
1771600064458,1893456007528937,0.52,1,buy
1771600064511,1893456007528940,0.48,1,buy
1771600064511,1893456007528939,0.52,1,buy
1771600064536,1893456007528942,0.48,1,buy
1771600064536,1893456007528941,0.52,1,buy
1771600064560,1893456007528944,0.48,1,buy
1771600064560,1893456007528943,0.52,1,buy
1771600064586,1893456007528946,0.48,1,buy
1771600064586,1893456007528945,0.52,1,buy
1771600064616,1893456007528948,0.48,1,buy
1771600064616,1893456007528947,0.52,1,buy
1771600064637,1893456007528950,0.48,1,buy
1771600064637,1893456007528949,0.52,1,buy
1771600064657,1893456007528952,0.48,1,buy
1771600064657,1893456007528951,0.52,1,buy
1771600064686,1893456007528954,0.48,1,buy
1771600064686,1893456007528953,0.52,1,buy
1771600064706,1893456007528956,0.48,1,buy
1771600064706,1893456007528955,0.52,1,buy
1771600064767,1893456007528958,0.48,1,buy
1771600064767,1893456007528957,0.52,1,buy
1771600064856,1893456007528960,0.48,1,buy
1771600064856,1893456007528959,0.52,1,buy
1771600064875,1893456007528962,0.48,1,buy
1771600064875,1893456007528961,0.52,1,buy
1771600064896,1893456007528964,0.48,1,buy
1771600064896,1893456007528963,0.52,1,buy
1771600064918,1893456007528966,0.48,1,buy
1771600064918,1893456007528965,0.52,1,buy
1771600064936,1893456007528968,0.48,1,buy
1771600064936,1893456007528967,0.52,1,buy
1771600065652,1893456007528970,0.48,1,buy
1771600065652,1893456007528969,0.52,1,buy
1771600066007,1893456007528972,0.48,1,buy
1771600066007,1893456007528971,0.52,1,buy
1771600066056,1893456007528974,0.48,1,buy
1771600066056,1893456007528973,0.52,1,buy
1771600066092,1893456007528976,0.48,1,buy
1771600066092,1893456007528975,0.52,1,buy
1771600066116,1893456007528978,0.48,1,buy
1771600066116,1893456007528977,0.52,1,buy
1771600066136,1893456007528980,0.48,1,buy
1771600066136,1893456007528979,0.52,1,buy
1771600066211,1893456007528982,0.48,1,buy
1771600066211,1893456007528981,0.52,1,buy
1771600066236,1893456007528984,0.48,1,buy
1771600066236,1893456007528983,0.52,1,buy
1771600066309,1893456007528986,0.48,1,buy
1771600066309,1893456007528985,0.52,1,buy
1771600066347,1893456007528988,0.48,1,buy
1771600066347,1893456007528987,0.52,1,buy
1771600066409,1893456007528990,0.48,1,buy
1771600066409,1893456007528989,0.52,1,buy
1771600066446,1893456007528992,0.48,1,buy
1771600066446,1893456007528991,0.52,1,buy
1771600066499,1893456007528994,0.48,1,buy
1771600066499,1893456007528993,0.52,1,buy
1771600066536,1893456007528996,0.48,1,buy
1771600066536,1893456007528995,0.52,1,buy
1771600066566,1893456007528998,0.48,1,buy
1771600066566,1893456007528997,0.52,1,buy
1771600066646,1893456007529000,0.48,1,buy
1771600066646,1893456007528999,0.52,1,buy
1771600066668,1893456007529002,0.48,1,buy
1771600066668,1893456007529001,0.52,1,buy
1771600066776,1893456007529004,0.48,1,buy
1771600066776,1893456007529003,0.52,1,buy
1771600066793,1893456007529006,0.48,1,buy
1771600066793,1893456007529005,0.52,1,buy
1771600066816,1893456007529008,0.48,1,buy
1771600066816,1893456007529007,0.52,1,buy
1771600066847,1893456007529010,0.48,1,buy
1771600066847,1893456007529009,0.52,1,buy
1771600066876,1893456007529012,0.48,1,buy
1771600066876,1893456007529011,0.52,1,buy
1771600066897,1893456007529014,0.48,1,buy
1771600066897,1893456007529013,0.52,1,buy
1771600066914,1893456007529016,0.48,1,buy
1771600066914,1893456007529015,0.52,1,buy
1771600066954,1893456007529018,0.48,1,buy
1771600066954,1893456007529017,0.52,1,buy
1771600066973,1893456007529020,0.48,1,buy
1771600066973,1893456007529019,0.52,1,buy
1771600066996,1893456007529022,0.48,1,buy
1771600066996,1893456007529021,0.52,1,buy
1771600067032,1893456007529024,0.48,1,buy
1771600067032,1893456007529023,0.52,1,buy
1771600067106,1893456007529026,0.48,1,buy
1771600067106,1893456007529025,0.52,1,buy
1771600067123,1893456007529028,0.48,1,buy
1771600067123,1893456007529027,0.52,1,buy
1771600067156,1893456007529030,0.48,1,buy
1771600067156,1893456007529029,0.52,1,buy
1771600067176,1893456007529032,0.48,1,buy
1771600067176,1893456007529031,0.52,1,buy
1771600067203,1893456007529034,0.48,1,buy
1771600067203,1893456007529033,0.52,1,buy
1771600067222,1893456007529036,0.48,1,buy
1771600067222,1893456007529035,0.52,1,buy
1771600068233,1893456007529038,0.48,1,buy
1771600068233,1893456007529037,0.52,1,buy
1771600068281,1893456007529040,0.48,1,buy
1771600068281,1893456007529039,0.52,1,buy
1771600068307,1893456007529042,0.48,1,buy
1771600068307,1893456007529041,0.52,1,buy
1771600068326,1893456007529044,0.48,1,buy
1771600068326,1893456007529043,0.52,1,buy
1771600069503,1893456007529048,0.48,1,buy
1771600069503,1893456007529047,0.52,1,buy
1771600069659,1893456007529050,0.48,1,buy
1771600069659,1893456007529049,0.52,1,buy
1771600069716,1893456007529052,0.48,1,buy
1771600069716,1893456007529051,0.52,1,buy
1771600069736,1893456007529054,0.48,1,buy
1771600069736,1893456007529053,0.52,1,buy
1771600069775,1893456007529056,0.48,1,buy
1771600069775,1893456007529055,0.52,1,buy
1771600069793,1893456007529058,0.48,1,buy
1771600069793,1893456007529057,0.52,1,buy
1771600069816,1893456007529060,0.48,1,buy
1771600069816,1893456007529059,0.52,1,buy
1771600069835,1893456007529062,0.48,1,buy
1771600069835,1893456007529061,0.52,1,buy
1771600069855,1893456007529064,0.48,1,buy
1771600069855,1893456007529063,0.52,1,buy
1771600069876,1893456007529066,0.48,1,buy
1771600069876,1893456007529065,0.52,1,buy
1771600069896,1893456007529068,0.48,1,buy
1771600069896,1893456007529067,0.52,1,buy
1771600069917,1893456007529070,0.48,1,buy
1771600069917,1893456007529069,0.52,1,buy
1771600069937,1893456007529072,0.48,1,buy
1771600069937,1893456007529071,0.52,1,buy
1771600070302,1893456007529074,0.48,1,buy
1771600070302,1893456007529073,0.52,1,buy
1771600070338,1893456007529076,0.48,1,buy
1771600070338,1893456007529075,0.52,1,buy
1771600070362,1893456007529078,0.48,1,buy
1771600070362,1893456007529077,0.52,1,buy
1771600070396,1893456007529080,0.48,1,buy
1771600070396,1893456007529079,0.52,1,buy
1771600070417,1893456007529082,0.48,1,buy
1771600070417,1893456007529081,0.52,1,buy
1771600070436,1893456007529084,0.48,1,buy
1771600070436,1893456007529083,0.52,1,buy
1771600070457,1893456007529086,0.48,1,buy
1771600070457,1893456007529085,0.52,1,buy
1771600070478,1893456007529088,0.48,1,buy
1771600070478,1893456007529087,0.52,1,buy
1771600070497,1893456007529090,0.48,1,buy
1771600070497,1893456007529089,0.52,1,buy
1771600070517,1893456007529092,0.48,1,buy
1771600070517,1893456007529091,0.52,1,buy
1771600070540,1893456007529094,0.48,1,buy
1771600070540,1893456007529093,0.52,1,buy
1771600070567,1893456007529096,0.48,1,buy
1771600070567,1893456007529095,0.52,1,buy
1771600110213,1893456007529290,0.48,1,buy
1771600110213,1893456007529289,0.52,1,buy
1771600110344,1893456007529296,0.48,1,buy
1771600110344,1893456007529295,0.52,1,buy
1771600110473,1893456007529304,0.48,1,buy
1771600110473,1893456007529303,0.52,1,buy
1771600110596,1893456007529306,0.48,1,buy
1771600110596,1893456007529305,0.52,1,buy
1771600110616,1893456007529308,0.48,1,buy
1771600110616,1893456007529307,0.52,1,buy
1771600110646,1893456007529310,0.48,1,buy
1771600110646,1893456007529309,0.52,1,buy
1771600110673,1893456007529312,0.48,1,buy
1771600110673,1893456007529311,0.52,1,buy
1771600110699,1893456007529314,0.48,1,buy
1771600110699,1893456007529313,0.52,1,buy
1771600110736,1893456007529316,0.48,1,buy
1771600110736,1893456007529315,0.52,1,buy
1771600110766,1893456007529318,0.48,1,buy
1771600110766,1893456007529317,0.52,1,buy
1771600110788,1893456007529320,0.48,1,buy
1771600110788,1893456007529319,0.52,1,buy
1771600112356,1893456007529356,0.48,1,buy
1771600112356,1893456007529355,0.52,1,buy
1771600112406,1893456007529360,0.48,1,buy
1771600112406,1893456007529359,0.52,1,buy
1771600115029,1893456007529408,0.48,1,buy
1771600115029,1893456007529407,0.52,1,buy
1771600115082,1893456007529410,0.48,1,buy
1771600115082,1893456007529409,0.52,1,buy
1771600115116,1893456007529412,0.48,1,buy
1771600115116,1893456007529411,0.52,1,buy
1771600115179,1893456007529414,0.48,1,buy
1771600115179,1893456007529413,0.52,1,buy
1771600115198,1893456007529418,0.48,1,buy
1771600115198,1893456007529417,0.52,1,buy
1771600115226,1893456007529420,0.48,1,buy
1771600115226,1893456007529419,0.52,1,buy
1771600115282,1893456007529424,0.48,1,buy
1771600115282,1893456007529423,0.52,1,buy
1771600115348,1893456007529426,0.48,1,buy
1771600115348,1893456007529425,0.52,1,buy
1771600115376,1893456007529428,0.48,1,buy
1771600115376,1893456007529427,0.52,1,buy
1771600115432,1893456007529432,0.48,1,buy
1771600115432,1893456007529431,0.52,1,buy
1771600115514,1893456007529438,0.48,1,buy
1771600115514,1893456007529437,0.52,1,buy
1771600115540,1893456007529442,0.48,1,buy
1771600115540,1893456007529441,0.52,1,buy
1771600124207,1893456007529456,0.48,1,buy
1771600124207,1893456007529455,0.52,1,buy
1771600124305,1893456007529458,0.48,1,buy
1771600124305,1893456007529457,0.52,1,buy
1771600124332,1893456007529460,0.48,1,buy
1771600124332,1893456007529459,0.52,1,buy
1771600124355,1893456007529462,0.48,1,buy
1771600124355,1893456007529461,0.52,1,buy
1771600124373,1893456007529464,0.48,1,buy
1771600124373,1893456007529463,0.52,1,buy
1771600124396,1893456007529466,0.48,1,buy
1771600124396,1893456007529465,0.52,1,buy
1771600124421,1893456007529468,0.48,1,buy
1771600124421,1893456007529467,0.52,1,buy
1771600124439,1893456007529470,0.48,1,buy
1771600124439,1893456007529469,0.52,1,buy
1771600124466,1893456007529472,0.48,1,buy
1771600124466,1893456007529471,0.52,1,buy
1771600124490,1893456007529474,0.48,1,buy
1771600124490,1893456007529473,0.52,1,buy
1771600124513,1893456007529476,0.48,1,buy
1771600124513,1893456007529475,0.52,1,buy
1771600124536,1893456007529478,0.48,1,buy
1771600124536,1893456007529477,0.52,1,buy
1771600124559,1893456007529480,0.48,1,buy
1771600124559,1893456007529479,0.52,1,buy
1771600124985,1893456007529482,0.48,1,buy
1771600124985,1893456007529481,0.52,1,buy
1771600125048,1893456007529484,0.48,1,buy
1771600125048,1893456007529483,0.52,1,buy
1771600125075,1893456007529486,0.48,1,buy
1771600125075,1893456007529485,0.52,1,buy
1771600125106,1893456007529488,0.48,1,buy
1771600125106,1893456007529487,0.52,1,buy
1771600125133,1893456007529490,0.48,1,buy
1771600125133,1893456007529489,0.52,1,buy
1771600125151,1893456007529492,0.48,1,buy
1771600125151,1893456007529491,0.52,1,buy
1771600125175,1893456007529494,0.48,1,buy
1771600125175,1893456007529493,0.52,1,buy
1771600125197,1893456007529496,0.48,1,buy
1771600125197,1893456007529495,0.52,1,buy
1771600125216,1893456007529498,0.48,1,buy
1771600125216,1893456007529497,0.52,1,buy
1771600125238,1893456007529500,0.48,1,buy
1771600125238,1893456007529499,0.52,1,buy
1771600125256,1893456007529502,0.48,1,buy
1771600125256,1893456007529501,0.52,1,buy
1771600125277,1893456007529504,0.48,1,buy
1771600125277,1893456007529503,0.52,1,buy
1771600129768,1893456007529506,0.48,7,buy
1771600129768,1893456007529505,0.52,7,buy
1771600129933,1893456007529508,0.48,1,buy
1771600129933,1893456007529507,0.52,1,buy
1771600129989,1893456007529510,0.48,1,buy
1771600129989,1893456007529509,0.52,1,buy
1771600130056,1893456007529512,0.48,1,buy
1771600130056,1893456007529511,0.52,1,buy
1771600130086,1893456007529514,0.48,1,buy
1771600130086,1893456007529513,0.52,1,buy
1771600130141,1893456007529516,0.48,1,buy
1771600130141,1893456007529515,0.52,1,buy
1771600130166,1893456007529518,0.48,1,buy
1771600130166,1893456007529517,0.52,1,buy
1771600130206,1893456007529520,0.48,1,buy
1771600130206,1893456007529519,0.52,1,buy
1771600130226,1893456007529522,0.48,1,buy
1771600130226,1893456007529521,0.52,1,buy
1771600130316,1893456007529524,0.48,1,buy
1771600130316,1893456007529523,0.52,1,buy
1771600130335,1893456007529526,0.48,1,buy
1771600130335,1893456007529525,0.52,1,buy
1771600130448,1893456007529528,0.48,1,buy
1771600130448,1893456007529527,0.52,1,buy
1771600130468,1893456007529530,0.48,1,buy
1771600130468,1893456007529529,0.52,1,buy
1771600130506,1893456007529532,0.48,1,buy
1771600130506,1893456007529531,0.52,1,buy
1771600130516,1893456007529534,0.48,2,buy
1771600130516,1893456007529533,0.52,2,buy
1771600131272,1893456007529536,0.48,1,buy
1771600131272,1893456007529535,0.52,1,buy
1771600131304,1893456007529538,0.48,1,buy
1771600131304,1893456007529537,0.52,1,buy
1771600131322,1893456007529540,0.48,1,buy
1771600131322,1893456007529539,0.52,1,buy
1771600131340,1893456007529542,0.48,1,buy
1771600131340,1893456007529541,0.52,1,buy
1771600131366,1893456007529544,0.48,1,buy
1771600131366,1893456007529543,0.52,1,buy
1771600131389,1893456007529546,0.48,1,buy
1771600131389,1893456007529545,0.52,1,buy
1771600131416,1893456007529548,0.48,1,buy
1771600131416,1893456007529547,0.52,1,buy
1771600131446,1893456007529550,0.48,1,buy
1771600131446,1893456007529549,0.52,1,buy
1771600131465,1893456007529552,0.48,1,buy
1771600131465,1893456007529551,0.52,1,buy
1771600131483,1893456007529554,0.48,1,buy
1771600131483,1893456007529553,0.52,1,buy
1771600131515,1893456007529556,0.48,1,buy
1771600131515,1893456007529555,0.52,1,buy
1771600131536,1893456007529558,0.48,1,buy
1771600131536,1893456007529557,0.52,1,buy
1771600133049,1893456007529560,0.48,1,buy
1771600133049,1893456007529559,0.52,1,buy
1771600133066,1893456007529562,0.48,1,buy
1771600133066,1893456007529561,0.52,1,buy
1771600133085,1893456007529564,0.48,1,buy
1771600133085,1893456007529563,0.52,1,buy
1771600133121,1893456007529566,0.48,1,buy
1771600133121,1893456007529565,0.52,1,buy
1771600133157,1893456007529568,0.48,1,buy
1771600133157,1893456007529567,0.52,1,buy
1771600133176,1893456007529570,0.48,1,buy
1771600133176,1893456007529569,0.52,1,buy
1771600133194,1893456007529572,0.48,1,buy
1771600133194,1893456007529571,0.52,1,buy
1771600133216,1893456007529574,0.48,1,buy
1771600133216,1893456007529573,0.52,1,buy
1771600133235,1893456007529576,0.48,1,buy
1771600133235,1893456007529575,0.52,1,buy
1771600133256,1893456007529578,0.48,1,buy
1771600133256,1893456007529577,0.52,1,buy
1771600133274,1893456007529580,0.48,1,buy
1771600133274,1893456007529579,0.52,1,buy
1771600133304,1893456007529582,0.48,1,buy
1771600133304,1893456007529581,0.52,1,buy
1771600133326,1893456007529584,0.48,1,buy
1771600133326,1893456007529583,0.52,1,buy
1771600138106,1893456007529588,0.48,1,buy
1771600138106,1893456007529587,0.52,1,buy
1771600138126,1893456007529590,0.48,1,buy
1771600138126,1893456007529589,0.52,1,buy
1771600138156,1893456007529592,0.48,1,buy
1771600138156,1893456007529591,0.52,1,buy
1771600138176,1893456007529594,0.48,1,buy
1771600138176,1893456007529593,0.52,1,buy
1771600138197,1893456007529596,0.48,1,buy
1771600138197,1893456007529595,0.52,1,buy
1771600138216,1893456007529598,0.48,1,buy
1771600138216,1893456007529597,0.52,1,buy
1771600138246,1893456007529600,0.48,1,buy
1771600138246,1893456007529599,0.52,1,buy
1771600138266,1893456007529602,0.48,1,buy
1771600138266,1893456007529601,0.52,1,buy
1771600138296,1893456007529604,0.48,1,buy
1771600138296,1893456007529603,0.52,1,buy
1771600138346,1893456007529606,0.48,1,buy
1771600138346,1893456007529605,0.52,1,buy
1771600138369,1893456007529608,0.48,1,buy
1771600138369,1893456007529607,0.52,1,buy
1771600138397,1893456007529610,0.48,1,buy
1771600138397,1893456007529609,0.52,1,buy
1771600138417,1893456007529612,0.48,1,buy
1771600138417,1893456007529611,0.52,1,buy
1771600138446,1893456007529614,0.48,1,buy
1771600138446,1893456007529613,0.52,1,buy
1771600141806,1893456007529616,0.48,1,buy
1771600141806,1893456007529615,0.52,1,buy
1771600141841,1893456007529618,0.48,1,buy
1771600141841,1893456007529617,0.52,1,buy
1771600141870,1893456007529620,0.48,1,buy
1771600141870,1893456007529619,0.52,1,buy
1771600161186,1893456007529622,0.48,6,buy
1771600161186,1893456007529621,0.52,6,buy
1771600218958,1893456007529632,0.48,6,buy
1771600218958,1893456007529631,0.52,6,buy
1771600289265,1893456007529642,0.48,370,buy
1771600289265,1893456007529641,0.52,370,buy
1771602246754,1893456007530954,0.22,1,buy
1771602246754,1893456007530953,0.78,1,buy
1771602246797,1893456007530956,0.22,1,buy
1771602246797,1893456007530955,0.78,1,buy
1771602246817,1893456007530958,0.22,1,buy
1771602246817,1893456007530957,0.78,1,buy
1771602246851,1893456007530960,0.22,1,buy
1771602246851,1893456007530959,0.78,1,buy
1771602246871,1893456007530962,0.22,1,buy
1771602246871,1893456007530961,0.78,1,buy
1771602246892,1893456007530964,0.22,1,buy
1771602246892,1893456007530963,0.78,1,buy
1771602246917,1893456007530966,0.22,1,buy
1771602246917,1893456007530965,0.78,1,buy
1771602272304,1893456007530968,0.22,1,buy
1771602272304,1893456007530967,0.78,1,buy
1771602272441,1893456007530970,0.22,1,buy
1771602272441,1893456007530969,0.78,1,buy
1771602272475,1893456007530972,0.22,1,buy
1771602272475,1893456007530971,0.78,1,buy
1771602272498,1893456007530974,0.22,1,buy
1771602272498,1893456007530973,0.78,1,buy
1771602272531,1893456007530976,0.22,1,buy
1771602272531,1893456007530975,0.78,1,buy
1771602272554,1893456007530978,0.22,1,buy
1771602272554,1893456007530977,0.78,1,buy
1771602272614,1893456007530980,0.22,1,buy
1771602272614,1893456007530979,0.78,1,buy
1771602272642,1893456007530982,0.22,1,buy
1771602272642,1893456007530981,0.78,1,buy
1771602272694,1893456007530984,0.22,1,buy
1771602272694,1893456007530983,0.78,1,buy
1771602272713,1893456007530986,0.22,1,buy
1771602272713,1893456007530985,0.78,1,buy
1771602272742,1893456007530988,0.22,1,buy
1771602272742,1893456007530987,0.78,1,buy
1771602272766,1893456007530990,0.22,1,buy
1771602272766,1893456007530989,0.78,1,buy
1771602272803,1893456007530992,0.22,1,buy
1771602272803,1893456007530991,0.78,1,buy
1771602272869,1893456007530994,0.22,1,buy
1771602272869,1893456007530993,0.78,1,buy
1771602272887,1893456007530996,0.22,1,buy
1771602272887,1893456007530995,0.78,1,buy
1771602272911,1893456007530998,0.22,1,buy
1771602272911,1893456007530997,0.78,1,buy
1771602272939,1893456007531000,0.22,1,buy
1771602272939,1893456007530999,0.78,1,buy
1771602272959,1893456007531002,0.22,1,buy
1771602272959,1893456007531001,0.78,1,buy
1771602272986,1893456007531004,0.22,1,buy
1771602272986,1893456007531003,0.78,1,buy
1771602273006,1893456007531006,0.22,1,buy
1771602273006,1893456007531005,0.78,1,buy
1771602273027,1893456007531008,0.22,1,buy
1771602273027,1893456007531007,0.78,1,buy
1771602273064,1893456007531010,0.22,1,buy
1771602273064,1893456007531009,0.78,1,buy
1771602273088,1893456007531012,0.22,1,buy
1771602273088,1893456007531011,0.78,1,buy
1771602273107,1893456007531014,0.22,1,buy
1771602273107,1893456007531013,0.78,1,buy
1771602273127,1893456007531016,0.22,1,buy
1771602273127,1893456007531015,0.78,1,buy
1771602274767,1893456007531018,0.22,1,buy
1771602274767,1893456007531017,0.78,1,buy
1771602274808,1893456007531020,0.22,1,buy
1771602274808,1893456007531019,0.78,1,buy
1771602274844,1893456007531022,0.22,1,buy
1771602274844,1893456007531021,0.78,1,buy
1771602274865,1893456007531024,0.22,1,buy
1771602274865,1893456007531023,0.78,1,buy
1771602274898,1893456007531026,0.22,1,buy
1771602274898,1893456007531025,0.78,1,buy
1771602274926,1893456007531028,0.22,1,buy
1771602274926,1893456007531027,0.78,1,buy
1771602274951,1893456007531030,0.22,1,buy
1771602274951,1893456007531029,0.78,1,buy
1771602274969,1893456007531032,0.22,1,buy
1771602274969,1893456007531031,0.78,1,buy
1771602274989,1893456007531034,0.22,1,buy
1771602274989,1893456007531033,0.78,1,buy
