timestamp_ms,tid,price,amount,type
1772151282497,1893456007632979,0.9,200,buy
1772151282497,1893456007632978,0.1,200,buy
1772151298457,1893456007632983,0.9,9,buy
1772151298457,1893456007632982,0.1,9,buy
1772151300172,1893456007632985,0.9,191,buy
1772151300172,1893456007632984,0.1,191,buy
1772151412440,1893456007633033,0.91,14,buy
1772151412440,1893456007633032,0.09,14,buy
1772151416427,1893456007633035,0.91,7,buy
1772151416427,1893456007633034,0.09,7,buy
1772151425592,1893456007633039,0.91,49,buy
1772151425592,1893456007633038,0.09,49,buy
1772151537320,1893456007633184,0.13,638,buy
1772151537320,1893456007633183,0.12,21,buy
1772151537320,1893456007633182,0.87,200,buy
1772151537320,1893456007633181,0.87,38,buy
1772151537320,1893456007633180,0.87,400,buy
1772151537320,1893456007633179,0.88,21,buy
1772151537344,1893456007633188,0.87,21,buy
1772151537344,1893456007633187,0.13,21,buy
1772151537344,1893456007633186,0.87,38,buy
1772151537344,1893456007633185,0.13,38,buy
1772151537374,1893456007633190,0.87,21,buy
1772151537374,1893456007633189,0.13,21,buy
1772151537400,1893456007633192,0.87,14,buy
1772151537400,1893456007633191,0.13,14,buy
1772151868592,1893456007633292,0.86,5,buy
1772151868592,1893456007633291,0.14,5,buy
1772151990350,1893456007633502,0.17,29,buy
1772151990350,1893456007633501,0.83,29,buy
1772151990374,1893456007633504,0.83,29,buy
1772151990374,1893456007633503,0.17,29,buy
1772151990411,1893456007633506,0.18,53,buy
1772151990411,1893456007633505,0.82,53,buy
1772151990413,1893456007633508,0.82,29,buy
1772151990413,1893456007633507,0.18,29,buy
1772151990432,1893456007633512,0.82,29,buy
1772151990432,1893456007633511,0.18,29,buy
1772151990432,1893456007633510,0.82,53,buy
1772151990432,1893456007633509,0.18,53,buy
1772151990454,1893456007633514,0.82,29,buy
1772151990454,1893456007633513,0.18,29,buy
1772152008788,1893456007633520,0.82,50,buy
1772152008788,1893456007633519,0.18,50,buy
1772152128355,1893456007633532,0.91,109,buy
1772152128355,1893456007633531,0.09,109,buy
1772152340953,1893456007633616,0.9,13,buy
1772152340953,1893456007633615,0.1,13,buy
1772152410295,1893456007633674,0.91,22,buy
1772152410295,1893456007633673,0.09,22,buy
1772152628331,1893456007633832,0.9,50,buy
1772152628331,1893456007633831,0.1,50,buy
1772152651516,1893456007633888,0.18,29,buy
1772152651516,1893456007633887,0.82,29,buy
1772152651542,1893456007633890,0.82,29,buy
1772152651542,1893456007633889,0.18,29,buy
1772152651803,1893456007633892,0.18,29,buy
1772152651803,1893456007633891,0.82,29,buy
1772152651820,1893456007633894,0.82,29,buy
1772152651820,1893456007633893,0.18,29,buy
1772152657415,1893456007633898,0.18,10,buy
1772152657415,1893456007633897,0.82,10,buy
1772152660497,1893456007633900,0.2,30,buy
1772152660497,1893456007633899,0.8,30,buy
1772152660517,1893456007633902,0.8,30,buy
1772152660517,1893456007633901,0.2,30,buy
1772152660538,1893456007633906,0.8,30,buy
1772152660538,1893456007633905,0.2,30,buy
1772152660598,1893456007633912,0.21,31,buy
1772152660598,1893456007633911,0.79,31,buy
1772152660604,1893456007633918,0.78,60,buy
1772152660604,1893456007633917,0.22,60,buy
1772152660604,1893456007633916,0.78,32,buy
1772152660604,1893456007633915,0.22,32,buy
1772152660644,1893456007633920,0.78,32,buy
1772152660644,1893456007633919,0.22,32,buy
1772152660797,1893456007633932,0.24,62,buy
1772152660797,1893456007633931,0.23,33,buy
1772152660797,1893456007633930,0.76,62,buy
1772152660797,1893456007633929,0.77,33,buy
1772152660893,1893456007633936,0.76,10,buy
1772152660893,1893456007633935,0.24,10,buy
1772152660993,1893456007633938,0.76,10,buy
1772152660993,1893456007633937,0.24,10,buy
1772152661094,1893456007633940,0.76,10,buy
1772152661094,1893456007633939,0.24,10,buy
1772152661296,1893456007633942,0.76,10,buy
1772152661296,1893456007633941,0.24,10,buy
1772152680676,1893456007633977,0.22,10,buy
1772152680676,1893456007633976,0.78,10,buy
1772152681023,1893456007633979,0.23,10,buy
1772152681023,1893456007633978,0.77,10,buy
1772152681180,1893456007633983,0.24,10,buy
1772152681180,1893456007633982,0.76,10,buy
1772152684814,1893456007633985,0.26,36,buy
1772152684814,1893456007633984,0.74,36,buy
1772152685533,1893456007633987,0.27,10,buy
1772152685533,1893456007633986,0.73,10,buy
1772152685535,1893456007633989,0.28,10,buy
1772152685535,1893456007633988,0.72,10,buy
1772152782006,1893456007634007,0.8,61,buy
1772152782006,1893456007634006,0.2,61,buy
1772153082633,1893456007634057,0.18,31,buy
1772153082633,1893456007634056,0.82,31,buy
1772153101007,1893456007634059,0.21,10,buy
1772153101007,1893456007634058,0.79,10,buy
1772153101188,1893456007634061,0.22,10,buy
1772153101188,1893456007634060,0.78,10,buy
1772153101257,1893456007634063,0.23,10,buy
1772153101257,1893456007634062,0.77,10,buy
1772153101388,1893456007634065,0.77,14,buy
1772153101388,1893456007634064,0.23,14,buy
1772153101534,1893456007634067,0.77,12,buy
1772153101534,1893456007634066,0.23,12,buy
1772153102217,1893456007634069,0.24,10,buy
1772153102217,1893456007634068,0.76,10,buy
1772153102399,1893456007634071,0.78,10,buy
1772153102399,1893456007634070,0.22,10,buy
1772153102515,1893456007634073,0.78,10,buy
1772153102515,1893456007634072,0.22,10,buy
1772153103221,1893456007634075,0.23,10,buy
1772153103221,1893456007634074,0.77,10,buy
1772153103264,1893456007634077,0.25,10,buy
1772153103264,1893456007634076,0.75,10,buy
1772153103704,1893456007634080,0.26,25,buy
1772153103704,1893456007634079,0.74,15,buy
1772153103704,1893456007634078,0.74,10,buy
1772153103725,1893456007634082,0.74,15,buy
1772153103725,1893456007634081,0.26,15,buy
1772153103748,1893456007634084,0.74,15,buy
1772153103748,1893456007634083,0.26,15,buy
1772153103767,1893456007634086,0.74,15,buy
1772153103767,1893456007634085,0.26,15,buy
1772153103787,1893456007634088,0.74,15,buy
1772153103787,1893456007634087,0.26,15,buy
1772153154500,1893456007634094,0.25,10,buy
1772153154500,1893456007634093,0.75,10,buy
1772153155877,1893456007634096,0.75,10,buy
1772153155877,1893456007634095,0.25,10,buy
1772153156087,1893456007634098,0.26,10,buy
1772153156087,1893456007634097,0.74,10,buy
1772153157566,1893456007634100,0.74,10,buy
1772153157566,1893456007634099,0.26,10,buy
1772153157665,1893456007634102,0.74,10,buy
1772153157665,1893456007634101,0.26,10,buy
1772153159847,1893456007634104,0.25,10,buy
1772153159847,1893456007634103,0.75,10,buy
1772153160210,1893456007634110,0.28,10,buy
1772153160210,1893456007634109,0.27,10,buy
1772153160210,1893456007634108,0.26,10,buy
1772153160210,1893456007634107,0.72,10,buy
1772153160210,1893456007634106,0.73,10,buy
1772153160210,1893456007634105,0.74,10,buy
1772153161236,1893456007634112,0.29,10,buy
1772153161236,1893456007634111,0.71,10,buy
1772153175041,1893456007634116,0.31,10,buy
1772153175041,1893456007634115,0.69,10,buy
1772153175056,1893456007634118,0.32,10,buy
1772153175056,1893456007634117,0.68,10,buy
1772153176346,1893456007634120,0.33,10,buy
1772153176346,1893456007634119,0.67,10,buy
1772153178670,1893456007634122,0.35,10,buy
1772153178670,1893456007634121,0.65,10,buy
1772153179037,1893456007634124,0.37,10,buy
1772153179037,1893456007634123,0.63,10,buy
1772153179063,1893456007634130,0.41,10,buy
1772153179063,1893456007634129,0.4,10,buy
1772153179063,1893456007634128,0.39,10,buy
1772153179063,1893456007634127,0.59,10,buy
1772153179063,1893456007634126,0.6,10,buy
1772153179063,1893456007634125,0.61,10,buy
1772153229621,1893456007634148,0.71,10,buy
1772153229621,1893456007634147,0.29,10,buy
1772153713014,1893456007634316,0.93,200,buy
1772153713014,1893456007634315,0.07,200,buy
1772153713387,1893456007634318,0.93,400,buy
1772153713387,1893456007634317,0.07,400,buy
1772153715707,1893456007634320,0.93,80,buy
1772153715707,1893456007634319,0.07,80,buy
