timestamp_ms,tid,price,amount,type
1771600002024,1893456007528802,0.58,2,buy
1771600002024,1893456007528801,0.57,2,buy
1771600002024,1893456007528800,0.56,1,buy
1771600002024,1893456007528799,0.55,1,buy
1771600002024,1893456007528798,0.54,1,buy
1771600002024,1893456007528797,0.42,2,buy
1771600002024,1893456007528796,0.43,2,buy
1771600002024,1893456007528795,0.44,1,buy
1771600002024,1893456007528794,0.45,1,buy
1771600002024,1893456007528793,0.46,1,buy
1771600453158,1893456007529774,0.76,1,buy
1771600453158,1893456007529773,0.75,1,buy
1771600453158,1893456007529772,0.24,1,buy
1771600453158,1893456007529771,0.25,1,buy
1771600453178,1893456007529776,0.24,1,buy
1771600453178,1893456007529775,0.76,1,buy
1771600453196,1893456007529778,0.24,1,buy
1771600453196,1893456007529777,0.76,1,buy
1771600453216,1893456007529780,0.24,1,buy
1771600453216,1893456007529779,0.76,1,buy
1771600453256,1893456007529782,0.24,1,buy
1771600453256,1893456007529781,0.76,1,buy
1771600453279,1893456007529784,0.24,1,buy
1771600453279,1893456007529783,0.76,1,buy
1771600453296,1893456007529786,0.24,1,buy
1771600453296,1893456007529785,0.76,1,buy
1771600453313,1893456007529788,0.24,1,buy
1771600453313,1893456007529787,0.76,1,buy
1771600453346,1893456007529790,0.24,1,buy
1771600453346,1893456007529789,0.76,1,buy
1771600453369,1893456007529792,0.24,1,buy
1771600453369,1893456007529791,0.76,1,buy
1771600453391,1893456007529794,0.24,1,buy
1771600453391,1893456007529793,0.76,1,buy
1771600453453,1893456007529796,0.24,1,buy
1771600453453,1893456007529795,0.76,1,buy
1771600453576,1893456007529798,0.24,1,buy
1771600453576,1893456007529797,0.76,1,buy
1771600453666,1893456007529800,0.24,1,buy
1771600453666,1893456007529799,0.76,1,buy
1771600453712,1893456007529802,0.24,10,buy
1771600453712,1893456007529801,0.76,10,buy
1771600453716,1893456007529804,0.24,1,buy
1771600453716,1893456007529803,0.76,1,buy
1771600453736,1893456007529806,0.24,1,buy
1771600453736,1893456007529805,0.76,1,buy
1771600453766,1893456007529808,0.24,1,buy
1771600453766,1893456007529807,0.76,1,buy
1771600453791,1893456007529810,0.24,1,buy
1771600453791,1893456007529809,0.76,1,buy
1771600453810,1893456007529812,0.24,1,buy
1771600453810,1893456007529811,0.76,1,buy
1771600453837,1893456007529814,0.24,1,buy
1771600453837,1893456007529813,0.76,1,buy
1771600453866,1893456007529816,0.24,1,buy
1771600453866,1893456007529815,0.76,1,buy
1771600453896,1893456007529818,0.24,1,buy
1771600453896,1893456007529817,0.76,1,buy
1771600453917,1893456007529820,0.24,1,buy
1771600453917,1893456007529819,0.76,1,buy
1771600453937,1893456007529822,0.24,1,buy
1771600453937,1893456007529821,0.76,1,buy
1771600456677,1893456007529824,0.24,10,buy
1771600456677,1893456007529823,0.76,10,buy
1771601218972,1893456007530181,0.7,1,buy
1771601218972,1893456007530180,0.69,1,buy
1771601218972,1893456007530179,0.68,1,buy
1771601218972,1893456007530178,0.3,1,buy
1771601218972,1893456007530177,0.31,1,buy
1771601218972,1893456007530176,0.32,1,buy
1771601738277,1893456007530646,0.81,1,buy
1771601738277,1893456007530645,0.8,1,buy
1771601738277,1893456007530644,0.79,1,buy
1771601738277,1893456007530643,0.78,1,buy
1771601738277,1893456007530642,0.19,1,buy
1771601738277,1893456007530641,0.2,1,buy
1771601738277,1893456007530640,0.21,1,buy
1771601738277,1893456007530639,0.22,1,buy
1771601738304,1893456007530648,0.19,1,buy
1771601738304,1893456007530647,0.81,1,buy
1771601738330,1893456007530650,0.19,1,buy
1771601738330,1893456007530649,0.81,1,buy
1771601738364,1893456007530652,0.19,1,buy
1771601738364,1893456007530651,0.81,1,buy
1771601902586,1893456007530714,0.32,1,buy
1771601902586,1893456007530713,0.68,1,buy
1771601902605,1893456007530716,0.32,1,buy
1771601902605,1893456007530715,0.68,1,buy
1771601902734,1893456007530718,0.32,1,buy
1771601902734,1893456007530717,0.68,1,buy
1771601902754,1893456007530720,0.32,1,buy
1771601902754,1893456007530719,0.68,1,buy
1771601902812,1893456007530722,0.32,1,buy
1771601902812,1893456007530721,0.68,1,buy
1771601902832,1893456007530724,0.32,1,buy
1771601902832,1893456007530723,0.68,1,buy
1771601902858,1893456007530726,0.32,1,buy
1771601902858,1893456007530725,0.68,1,buy
1771601902910,1893456007530728,0.32,1,buy
1771601902910,1893456007530727,0.68,1,buy
1771601902937,1893456007530730,0.32,1,buy
1771601902937,1893456007530729,0.68,1,buy
1771601902974,1893456007530732,0.32,1,buy
1771601902974,1893456007530731,0.68,1,buy
1771601902996,1893456007530734,0.32,1,buy
1771601902996,1893456007530733,0.68,1,buy
1771601903019,1893456007530736,0.32,1,buy
1771601903019,1893456007530735,0.68,1,buy
1771601903039,1893456007530738,0.32,1,buy
1771601903039,1893456007530737,0.68,1,buy
1771601903095,1893456007530740,0.32,1,buy
1771601903095,1893456007530739,0.68,1,buy
1771601903204,1893456007530742,0.32,1,buy
1771601903204,1893456007530741,0.68,1,buy
1771601903238,1893456007530744,0.32,1,buy
1771601903238,1893456007530743,0.68,1,buy
1771601903260,1893456007530746,0.32,1,buy
1771601903260,1893456007530745,0.68,1,buy
1771601903279,1893456007530748,0.32,1,buy
1771601903279,1893456007530747,0.68,1,buy
1771601903298,1893456007530750,0.32,1,buy
1771601903298,1893456007530749,0.68,1,buy
1771601903318,1893456007530752,0.32,1,buy
1771601903318,1893456007530751,0.68,1,buy
1771601903342,1893456007530754,0.32,1,buy
1771601903342,1893456007530753,0.68,1,buy
1771601903401,1893456007530756,0.32,1,buy
1771601903401,1893456007530755,0.68,1,buy
1771601903424,1893456007530758,0.32,1,buy
1771601903424,1893456007530757,0.68,1,buy
1771601903484,1893456007530760,0.32,1,buy
1771601903484,1893456007530759,0.68,1,buy
1771601903514,1893456007530762,0.32,1,buy
1771601903514,1893456007530761,0.68,1,buy
1771601903571,1893456007530764,0.32,1,buy
1771601903571,1893456007530763,0.68,1,buy
1771601903698,1893456007530766,0.32,1,buy
1771601903698,1893456007530765,0.68,1,buy
1771601903769,1893456007530768,0.32,1,buy
1771601903769,1893456007530767,0.68,1,buy
1771601903787,1893456007530772,0.32,1,buy
1771601903787,1893456007530771,0.68,1,buy
1771601903809,1893456007530776,0.32,1,buy
1771601903809,1893456007530775,0.68,1,buy
1771601903830,1893456007530780,0.32,1,buy
1771601903830,1893456007530779,0.68,1,buy
1771601903872,1893456007530786,0.32,1,buy
1771601903872,1893456007530785,0.68,1,buy
1771601903896,1893456007530788,0.32,1,buy
1771601903896,1893456007530787,0.68,1,buy
1771601903924,1893456007530794,0.32,1,buy
1771601903924,1893456007530793,0.68,1,buy
1771601903954,1893456007530798,0.32,1,buy
1771601903954,1893456007530797,0.68,1,buy
1771601903978,1893456007530802,0.32,1,buy
1771601903978,1893456007530801,0.68,1,buy
1771601903998,1893456007530806,0.32,1,buy
1771601903998,1893456007530805,0.68,1,buy
1771601904441,1893456007530812,0.32,1,buy
1771601904441,1893456007530811,0.68,1,buy
1771601904501,1893456007530814,0.32,1,buy
1771601904501,1893456007530813,0.68,1,buy
1771601904528,1893456007530816,0.32,1,buy
1771601904528,1893456007530815,0.68,1,buy
1771601904552,1893456007530818,0.32,1,buy
1771601904552,1893456007530817,0.68,1,buy
1771601904576,1893456007530820,0.32,1,buy
1771601904576,1893456007530819,0.68,1,buy
1771601904600,1893456007530822,0.32,1,buy
1771601904600,1893456007530821,0.68,1,buy
1771601904620,1893456007530824,0.32,1,buy
1771601904620,1893456007530823,0.68,1,buy
1771601904643,1893456007530826,0.32,1,buy
1771601904643,1893456007530825,0.68,1,buy
1771601904684,1893456007530828,0.32,1,buy
1771601904684,1893456007530827,0.68,1,buy
1771601904710,1893456007530830,0.32,1,buy
1771601904710,1893456007530829,0.68,1,buy
1771601904734,1893456007530832,0.32,1,buy
1771601904734,1893456007530831,0.68,1,buy
1771601904760,1893456007530834,0.32,1,buy
1771601904760,1893456007530833,0.68,1,buy
1771601904787,1893456007530836,0.32,1,buy
1771601904787,1893456007530835,0.68,1,buy
1771601906153,1893456007530838,0.32,1,buy
1771601906153,1893456007530837,0.68,1,buy
1771601906206,1893456007530840,0.32,1,buy
1771601906206,1893456007530839,0.68,1,buy
1771601906236,1893456007530842,0.32,1,buy
1771601906236,1893456007530841,0.68,1,buy
1771601906264,1893456007530844,0.32,1,buy
1771601906264,1893456007530843,0.68,1,buy
1771601906285,1893456007530846,0.32,1,buy
1771601906285,1893456007530845,0.68,1,buy
1771601906310,1893456007530848,0.32,1,buy
1771601906310,1893456007530847,0.68,1,buy
1771601906336,1893456007530850,0.32,1,buy
1771601906336,1893456007530849,0.68,1,buy
1771601906354,1893456007530852,0.32,1,buy
1771601906354,1893456007530851,0.68,1,buy
1771601906374,1893456007530854,0.32,1,buy
1771601906374,1893456007530853,0.68,1,buy
1771601906404,1893456007530856,0.32,1,buy
1771601906404,1893456007530855,0.68,1,buy
1771601906424,1893456007530858,0.32,1,buy
1771601906424,1893456007530857,0.68,1,buy
1771601906442,1893456007530860,0.32,1,buy
1771601906442,1893456007530859,0.68,1,buy
