timestamp_ms,tid,price,amount,type
1772856260752,1893456007793194,0.05,50,buy
1772856263061,1893456007793196,0.05,3,buy
1772856319430,1893456007793280,0.08,80,sell
1772856324717,1893456007793282,0.07,100,sell
1772856332286,1893456007793292,0.07,100,sell
1772856499061,1893456007793384,0.11,116,buy
1772856499061,1893456007793383,0.1,100,buy
1772856513797,1893456007793391,0.07,100,sell
1772856550039,1893456007793399,0.09,100,buy
1772856575405,1893456007793401,0.07,100,sell
1772856578657,1893456007793403,0.07,200,sell
1772856580415,1893456007793405,0.07,100,sell
1772856580447,1893456007793407,0.07,300,sell
1772856580746,1893456007793409,0.07,100,sell
1772856962397,1893456007793512,0.09,70,buy
1772856962658,1893456007793514,0.09,30,sell
1772856963518,1893456007793516,0.09,70,buy
1772857187377,1893456007793596,0.1,67,sell
1772857198279,1893456007793598,0.1,33,buy
1772857568926,1893456007793667,0.09,100,buy
1772857710906,1893456007793740,0.11,43,buy
1772858023016,1893456007793817,0.08,68,sell
1772858030856,1893456007793821,0.07,54,sell
1772858056432,1893456007793831,0.07,100,sell
1772858056573,1893456007793833,0.07,215,sell
1772858056620,1893456007793835,0.07,215,sell
1772858056684,1893456007793837,0.07,215,sell
1772858056717,1893456007793839,0.07,215,sell
1772858056753,1893456007793841,0.07,215,sell
1772858056791,1893456007793843,0.07,215,sell
1772858056834,1893456007793845,0.07,215,sell
1772858056863,1893456007793847,0.07,215,sell
1772858056904,1893456007793849,0.07,215,sell
1772858056937,1893456007793851,0.07,215,sell
1772858056962,1893456007793853,0.07,215,sell
1772858056988,1893456007793855,0.07,215,sell
1772858057025,1893456007793857,0.07,215,sell
1772858057047,1893456007793859,0.07,200,sell
1772858057054,1893456007793861,0.07,215,sell
1772858057108,1893456007793863,0.07,215,sell
1772858057154,1893456007793865,0.07,215,sell
1772858057192,1893456007793867,0.07,215,sell
1772858057234,1893456007793869,0.07,215,sell
1772858057305,1893456007793871,0.07,215,sell
1772858057361,1893456007793873,0.07,215,sell
1772858057396,1893456007793875,0.07,215,sell
1772858057432,1893456007793877,0.07,215,sell
1772858057464,1893456007793879,0.07,215,sell
1772858057504,1893456007793881,0.07,215,sell
1772858057544,1893456007793883,0.07,52,sell
1772858184394,1893456007793912,0.11,22,buy
1772858184394,1893456007793911,0.06,212,buy
1772858294205,1893456007793925,0.09,3,sell
1772858295124,1893456007793927,0.12,3,buy
1772858367842,1893456007793988,0.13,146,buy
1772858397117,1893456007793996,0.16,13,buy
1772858397122,1893456007793998,0.16,13,sell
1772858397128,1893456007794000,0.16,13,sell
1772858397143,1893456007794002,0.16,13,sell
1772858397164,1893456007794004,0.16,13,sell
1772858397174,1893456007794006,0.16,13,sell
1772858397184,1893456007794008,0.16,13,sell
1772858397194,1893456007794010,0.16,9,sell
1772858397514,1893456007794012,0.16,4,buy
1772858406806,1893456007794016,0.16,100,buy
1772858406830,1893456007794018,0.16,138,buy
1772858406870,1893456007794020,0.16,62,sell
1772858437040,1893456007794024,0.17,14,buy
1772858437055,1893456007794026,0.17,14,sell
1772858437064,1893456007794028,0.17,14,sell
1772858437070,1893456007794030,0.18,29,buy
1772858437074,1893456007794032,0.18,14,sell
1772858437080,1893456007794034,0.18,14,sell
1772858437084,1893456007794036,0.18,14,sell
1772858437095,1893456007794038,0.18,14,sell
1772858437104,1893456007794040,0.18,14,sell
1772858437111,1893456007794042,0.18,1,sell
1772858446151,1893456007794044,0.18,3,sell
1772858446657,1893456007794046,0.18,3,sell
1772858447956,1893456007794048,0.18,3,sell
1772858448255,1893456007794050,0.18,3,sell
1772858465087,1893456007794052,0.19,15,buy
1772858465093,1893456007794054,0.19,15,sell
1772858494933,1893456007794058,0.2,16,buy
1772858494946,1893456007794060,0.2,16,sell
1772858494954,1893456007794062,0.2,16,sell
1772858494964,1893456007794064,0.2,16,sell
1772858494974,1893456007794066,0.2,16,sell
1772858494984,1893456007794068,0.2,16,sell
1772858494994,1893456007794070,0.2,4,sell
1772858520337,1893456007794074,0.16,3,sell
1772858539055,1893456007794080,0.19,15,sell
1772858539064,1893456007794082,0.19,15,sell
1772858539075,1893456007794084,0.19,15,sell
1772858539084,1893456007794086,0.19,15,sell
1772858539094,1893456007794088,0.19,15,sell
1772858539100,1893456007794090,0.19,15,sell
1772858539112,1893456007794092,0.19,10,sell
1772858539276,1893456007794094,0.18,3,sell
1772858539886,1893456007794096,0.18,3,sell
1772858557187,1893456007794102,0.17,3,sell
1772858557804,1893456007794104,0.17,3,sell
1772858558365,1893456007794106,0.17,3,sell
1772858558827,1893456007794108,0.17,3,sell
1772858559265,1893456007794110,0.17,3,sell
1772858559761,1893456007794112,0.17,3,sell
1772858560446,1893456007794114,0.17,3,sell
1772858560906,1893456007794116,0.17,3,sell
1772858561610,1893456007794118,0.17,3,sell
1772858562396,1893456007794120,0.17,3,sell
1772858562958,1893456007794124,0.2,31,buy
1772858562958,1893456007794122,0.19,15,buy
1772858562973,1893456007794126,0.2,15,sell
1772858562984,1893456007794128,0.2,15,sell
1772858562994,1893456007794130,0.2,15,sell
1772858563004,1893456007794132,0.2,15,sell
1772858563014,1893456007794135,0.2,6,sell
1772858563014,1893456007794134,0.2,9,sell
1772858563023,1893456007794137,0.2,15,sell
1772858563028,1893456007794139,0.2,15,sell
1772858563032,1893456007794141,0.2,15,sell
1772858563044,1893456007794143,0.2,15,sell
1772858563047,1893456007794145,0.21,31,buy
1772858563050,1893456007794147,0.21,15,sell
1772858563055,1893456007794151,0.21,15,sell
1772858563055,1893456007794149,0.21,31,sell
1772858563062,1893456007794155,0.2,15,sell
1772858563062,1893456007794153,0.21,8,sell
1772858563074,1893456007794157,0.2,15,sell
1772858563084,1893456007794159,0.2,15,sell
1772858563101,1893456007794161,0.2,15,sell
1772858563198,1893456007794163,0.21,15,buy
1772858597384,1893456007794169,0.17,100,sell
1772858604293,1893456007794180,0.17,100,buy
1772858607296,1893456007794182,0.17,100,buy
1772858607975,1893456007794184,0.16,100,buy
1772858608275,1893456007794186,0.16,100,buy
1772858627537,1893456007794194,0.13,3,sell
1772858670906,1893456007794261,0.12,113,sell
