timestamp_ms,tid,price,amount,type
1772204633906,1893456007645266,0.55,78,buy
1772204633906,1893456007645265,0.54,46,buy
1772204633906,1893456007645264,0.53,10,buy
1772204633906,1893456007645263,0.52,800,buy
1772204633906,1893456007645262,0.51,600,buy
1772204633906,1893456007645261,0.5,400,buy
1772204633906,1893456007645260,0.49,200,buy
1772204633906,1893456007645259,0.45,68,buy
1772204633906,1893456007645258,0.45,10,buy
1772204633906,1893456007645257,0.46,36,buy
1772204633906,1893456007645256,0.46,10,buy
1772204633906,1893456007645255,0.47,10,buy
1772204633906,1893456007645254,0.48,800,buy
1772204633906,1893456007645253,0.49,600,buy
1772204633906,1893456007645252,0.5,400,buy
1772204633906,1893456007645251,0.51,200,buy
1772204633934,1893456007645268,0.45,37,buy
1772204633934,1893456007645267,0.55,37,buy
1772204633946,1893456007645270,0.45,400,buy
1772204633946,1893456007645269,0.55,400,buy
1772204633959,1893456007645272,0.45,37,buy
1772204633959,1893456007645271,0.55,37,buy
1772204633979,1893456007645274,0.45,37,buy
1772204633979,1893456007645273,0.55,37,buy
1772204633995,1893456007645276,0.45,200,buy
1772204633995,1893456007645275,0.55,200,buy
1772204633998,1893456007645278,0.45,600,buy
1772204633998,1893456007645277,0.55,600,buy
1772204634014,1893456007645280,0.45,37,buy
1772204634014,1893456007645279,0.55,37,buy
1772204634031,1893456007645282,0.45,200,buy
1772204634031,1893456007645281,0.55,200,buy
1772204634044,1893456007645284,0.45,37,buy
1772204634044,1893456007645283,0.55,37,buy
1772204634047,1893456007645286,0.45,505,buy
1772204634047,1893456007645285,0.55,505,buy
1772204690378,1893456007645293,0.49,20,buy
1772204690378,1893456007645292,0.51,10,buy
1772204690378,1893456007645291,0.51,10,buy
1772204691704,1893456007645295,0.51,10,buy
1772204691704,1893456007645294,0.49,10,buy
1772204708157,1893456007645306,0.57,20,buy
1772204708157,1893456007645305,0.43,10,buy
1772204708157,1893456007645304,0.43,10,buy
1772204718822,1893456007645314,0.63,10,buy
1772204718822,1893456007645313,0.37,10,buy
1772204932766,1893456007645336,0.67,20,buy
1772204932766,1893456007645335,0.33,10,buy
1772204932766,1893456007645334,0.33,10,buy
1772204985147,1893456007645340,0.63,10,buy
1772204985147,1893456007645339,0.37,10,buy
1772205062172,1893456007645350,0.65,10,buy
1772205062172,1893456007645349,0.35,10,buy
1772205224515,1893456007645363,0.42,22,buy
1772205224515,1893456007645362,0.58,22,buy
1772205251978,1893456007645367,0.57,10,buy
1772205251978,1893456007645366,0.43,10,buy
1772205257177,1893456007645369,0.59,10,buy
1772205257177,1893456007645368,0.41,10,buy
1772205286075,1893456007645375,0.59,10,buy
1772205286075,1893456007645374,0.41,10,buy
1772205302476,1893456007645377,0.6,10,buy
1772205302476,1893456007645376,0.4,10,buy
1772205340216,1893456007645393,0.68,10,buy
1772205340216,1893456007645392,0.32,10,buy
1772205345316,1893456007645397,0.72,58,buy
1772205345316,1893456007645396,0.28,58,buy
1772205345900,1893456007645399,0.29,10,buy
1772205345900,1893456007645398,0.71,10,buy
1772205505252,1893456007645438,0.49,10,buy
1772205505252,1893456007645437,0.51,10,buy
1772205507463,1893456007645440,0.51,10,buy
1772205507463,1893456007645439,0.49,10,buy
1772205523786,1893456007645444,0.49,588,buy
1772205523786,1893456007645443,0.51,588,buy
1772205530846,1893456007645448,0.49,200,buy
1772205530846,1893456007645447,0.51,200,buy
1772205542830,1893456007645450,0.48,200,buy
1772205542830,1893456007645449,0.52,200,buy
1772205542870,1893456007645452,0.48,376,buy
1772205542870,1893456007645451,0.52,376,buy
1772205552547,1893456007645454,0.49,200,buy
1772205552547,1893456007645453,0.51,200,buy
1772205552657,1893456007645456,0.49,388,buy
1772205552657,1893456007645455,0.51,388,buy
1772205637354,1893456007645476,0.31,28,buy
1772205637354,1893456007645475,0.69,28,buy
1772205788049,1893456007645502,0.55,3,buy
1772205788049,1893456007645501,0.45,3,buy
1772205950877,1893456007645540,0.42,50,buy
1772205950877,1893456007645539,0.58,50,buy
1772206076691,1893456007645548,0.69,15,buy
1772206076691,1893456007645547,0.31,15,buy
1772206152423,1893456007645556,0.34,7,buy
1772206152423,1893456007645555,0.66,7,buy
1772206335179,1893456007645570,0.55,8,buy
1772206335179,1893456007645569,0.45,8,buy
1772206546572,1893456007645582,0.51,10,buy
1772206546572,1893456007645581,0.49,10,buy
1772206574465,1893456007645584,0.53,10,buy
1772206574465,1893456007645583,0.47,10,buy
1772206579254,1893456007645587,0.55,20,buy
1772206579254,1893456007645586,0.45,10,buy
1772206579254,1893456007645585,0.45,10,buy
1772206620537,1893456007645591,0.41,200,buy
1772206620537,1893456007645590,0.59,200,buy
1772206620641,1893456007645593,0.41,200,buy
1772206620641,1893456007645592,0.59,200,buy
1772206621125,1893456007645595,0.41,108,buy
1772206621125,1893456007645594,0.59,108,buy
1772206932993,1893456007645630,0.54,30,buy
1772206932993,1893456007645629,0.46,30,buy
1772206996582,1893456007645640,0.46,200,buy
1772206996582,1893456007645639,0.54,200,buy
1772206997477,1893456007645642,0.54,200,buy
1772206997477,1893456007645641,0.46,200,buy
1772206997587,1893456007645644,0.54,121,buy
1772206997587,1893456007645643,0.46,121,buy
1772207134438,1893456007645652,0.24,200,buy
1772207134438,1893456007645651,0.76,200,buy
1772207134477,1893456007645654,0.24,194,buy
1772207134477,1893456007645653,0.76,194,buy
1772207171907,1893456007645661,0.77,175,buy
1772207171907,1893456007645660,0.23,175,buy
1772207243078,1893456007645671,0.21,200,buy
1772207243078,1893456007645670,0.79,200,buy
1772207303914,1893456007645675,0.23,51,buy
1772207303914,1893456007645674,0.77,51,buy
1772207303954,1893456007645677,0.23,51,buy
1772207303954,1893456007645676,0.77,51,buy
1772207303978,1893456007645679,0.23,51,buy
1772207303978,1893456007645678,0.77,51,buy
1772207303998,1893456007645681,0.23,53,buy
1772207303998,1893456007645680,0.77,53,buy
1772207304032,1893456007645686,0.24,53,buy
1772207304032,1893456007645685,0.76,33,buy
1772207304032,1893456007645684,0.76,20,buy
1772207304032,1893456007645683,0.23,52,buy
1772207304032,1893456007645682,0.77,52,buy
1772207304064,1893456007645688,0.24,53,buy
1772207304064,1893456007645687,0.76,53,buy
1772207322874,1893456007645698,0.24,43,buy
1772207322874,1893456007645697,0.76,43,buy
1772207455019,1893456007645722,0.16,200,buy
1772207455019,1893456007645721,0.84,200,buy
1772207459760,1893456007645724,0.86,200,buy
1772207459760,1893456007645723,0.14,200,buy
1772207460372,1893456007645726,0.14,148,buy
1772207460372,1893456007645725,0.86,148,buy
1772207462595,1893456007645728,0.84,50,buy
1772207462595,1893456007645727,0.16,50,buy
1772207464095,1893456007645730,0.14,348,buy
1772207464095,1893456007645729,0.86,348,buy
1772207466404,1893456007645732,0.82,9,buy
1772207466404,1893456007645731,0.18,9,buy
1772207468642,1893456007645734,0.81,80,buy
1772207468642,1893456007645733,0.19,80,buy
1772207469406,1893456007645736,0.81,80,buy
1772207469406,1893456007645735,0.19,80,buy
1772207470058,1893456007645738,0.81,50,buy
1772207470058,1893456007645737,0.19,50,buy
1772207473187,1893456007645740,0.81,80,buy
1772207473187,1893456007645739,0.19,80,buy
1772207473755,1893456007645742,0.8,50,buy
1772207473755,1893456007645741,0.2,50,buy
1772207478116,1893456007645744,0.19,80,buy
1772207478116,1893456007645743,0.81,80,buy
1772207504904,1893456007645750,0.78,50,sell
1772207504904,1893456007645749,0.78,50,buy
