timestamp_ms,tid,price,amount,type
1772769733381,1893456007768938,0.8,90,buy
1772769735990,1893456007768942,0.8,9,buy
1772769820612,1893456007768972,0.83,59,buy
1772769830696,1893456007768974,0.81,19,buy
1772769840944,1893456007768976,0.82,19,buy
1772769963966,1893456007769074,0.86,100,sell
1772769993776,1893456007769078,0.86,47,buy
1772769993786,1893456007769080,0.86,47,buy
1772769993802,1893456007769082,0.86,6,buy
1772770003028,1893456007769093,0.86,47,sell
1772770003032,1893456007769095,0.86,47,buy
1772770003045,1893456007769097,0.86,6,buy
1772770029058,1893456007769105,0.84,54,sell
1772770029062,1893456007769107,0.84,46,buy
1772770030047,1893456007769109,0.84,8,sell
1772770030052,1893456007769111,0.84,54,buy
1772770101706,1893456007769147,0.84,100,sell
1772770103020,1893456007769149,0.84,17,sell
1772770140837,1893456007769155,0.84,10,buy
1772770180886,1893456007769174,0.8,40,buy
1772770180887,1893456007769176,0.8,40,buy
1772770180934,1893456007769179,0.81,20,buy
1772770180934,1893456007769178,0.8,20,buy
1772770181001,1893456007769182,0.81,40,buy
1772770181047,1893456007769184,0.81,40,buy
1772770181417,1893456007769186,0.8,40,sell
1772770181454,1893456007769188,0.8,40,buy
1772770181481,1893456007769190,0.8,20,buy
1772770183760,1893456007769196,0.8,20,sell
1772770183789,1893456007769198,0.8,40,buy
1772770183829,1893456007769200,0.8,40,buy
1772770201546,1893456007769204,0.79,40,sell
1772770222027,1893456007769259,0.79,40,sell
1772770222051,1893456007769261,0.79,40,buy
1772770222124,1893456007769266,0.79,20,buy
1772770222124,1893456007769265,0.79,20,buy
1772770222247,1893456007769268,0.78,40,sell
1772770230986,1893456007769272,0.78,40,sell
1772770231024,1893456007769274,0.78,40,buy
1772770241317,1893456007769284,0.82,20,buy
1772770920936,1893456007769371,0.79,40,sell
1772770921054,1893456007769373,0.79,40,buy
1772770921154,1893456007769375,0.79,40,buy
1772770921212,1893456007769377,0.79,40,buy
1772770921264,1893456007769379,0.79,40,buy
1772770921334,1893456007769381,0.79,40,buy
1772770921379,1893456007769383,0.79,40,buy
1772770923664,1893456007769385,0.79,40,buy
1772770923774,1893456007769387,0.79,40,buy
1772770923834,1893456007769389,0.79,40,buy
1772770923872,1893456007769391,0.79,40,buy
1772770923964,1893456007769393,0.79,40,buy
1772770923990,1893456007769395,0.79,40,buy
1772770924050,1893456007769397,0.79,40,buy
1772770924104,1893456007769399,0.79,40,buy
1772770924144,1893456007769401,0.79,40,buy
1772770924177,1893456007769403,0.79,40,buy
1772770924217,1893456007769405,0.79,40,buy
1772770924274,1893456007769407,0.79,40,buy
1772770924685,1893456007769409,0.79,40,buy
1772770924842,1893456007769411,0.79,40,buy
1772770924970,1893456007769413,0.79,40,buy
1772770965623,1893456007769421,0.79,40,buy
1772770973744,1893456007769423,0.79,40,buy
1772770973868,1893456007769425,0.79,40,buy
1772770973904,1893456007769427,0.79,40,buy
1772770973963,1893456007769429,0.79,40,buy
1772770974004,1893456007769431,0.79,40,buy
1772770976932,1893456007769433,0.79,40,buy
1772770977060,1893456007769435,0.79,40,buy
1772770977184,1893456007769437,0.79,40,buy
1772770977274,1893456007769439,0.79,40,buy
1772770977316,1893456007769441,0.79,40,buy
1772770977356,1893456007769443,0.79,40,buy
1772770977395,1893456007769445,0.79,40,buy
1772771034940,1893456007769461,0.79,40,buy
1772771054358,1893456007769467,0.79,40,buy
1772771054388,1893456007769469,0.79,40,buy
1772771054427,1893456007769471,0.79,40,buy
1772771054457,1893456007769473,0.79,40,buy
1772771054504,1893456007769475,0.79,40,buy
1772771089787,1893456007769481,0.79,50,buy
1772771091776,1893456007769483,0.79,100,buy
1772771091845,1893456007769491,0.79,40,buy
1772771091845,1893456007769489,0.79,40,buy
1772771091923,1893456007769493,0.79,65,buy
1772771091932,1893456007769495,0.79,65,buy
1772771091946,1893456007769497,0.79,65,buy
1772771091956,1893456007769499,0.79,56,buy
1772771103076,1893456007769551,0.82,58,sell
1772771103086,1893456007769553,0.82,42,buy
1772771412915,1893456007769600,0.75,24,sell
1772771412915,1893456007769599,0.75,10,sell
1772771412915,1893456007769598,0.76,40,sell
1772771503283,1893456007769618,0.68,25,sell
1772771533206,1893456007769635,0.66,25,buy
1772771539221,1893456007769637,0.66,49,sell
1772771676522,1893456007769651,0.86,20,sell
1772771716737,1893456007769659,0.79,10,sell
1772771716737,1893456007769658,0.8,40,sell
1772771716737,1893456007769657,0.81,40,sell
1772771833544,1893456007769673,0.72,10,buy
1772771834094,1893456007769675,0.72,80,sell
1772771912315,1893456007769680,0.56,290,buy
1772771912315,1893456007769679,0.55,10,buy
1772771917707,1893456007769690,0.5,10,buy
1772771992786,1893456007769705,0.46,40,buy
1772771992786,1893456007769704,0.46,10,buy
1772771992790,1893456007769707,0.47,40,buy
1772771992827,1893456007769709,0.47,40,sell
1772771992864,1893456007769711,0.47,20,sell
1772771992895,1893456007769713,0.47,20,buy
1772772015536,1893456007769717,0.46,10,sell
1772772016654,1893456007769719,0.47,10,sell
1772772017623,1893456007769721,0.48,10,sell
1772772020606,1893456007769723,0.48,10,sell
1772772026594,1893456007769727,0.44,40,sell
1772772026603,1893456007769731,0.43,40,sell
1772772026687,1893456007769754,0.41,20,sell
1772772026687,1893456007769753,0.42,40,sell
1772772026687,1893456007769752,0.44,40,sell
1772772026762,1893456007769776,0.38,40,sell
1772772026762,1893456007769775,0.41,20,sell
1772772026762,1893456007769774,0.43,40,sell
1772772028245,1893456007769813,0.34,25,sell
1772772032455,1893456007769815,0.31,25,sell
1772772116016,1893456007769935,0.07,10,buy
1772772578097,1893456007770143,0.14,132,sell
1772772578097,1893456007770142,0.14,100,sell
1772772578166,1893456007770145,0.14,68,sell
1772772585717,1893456007770147,0.14,100,buy
1772772585737,1893456007770149,0.14,64,buy
1772772585781,1893456007770151,0.14,136,sell
1772772703419,1893456007770200,0.21,278,buy
1772772703419,1893456007770199,0.2,200,buy
1772772703419,1893456007770198,0.19,100,buy
1772772703419,1893456007770197,0.19,65,buy
1772772703419,1893456007770196,0.18,20,buy
1772772703419,1893456007770195,0.17,240,buy
1772772719077,1893456007770206,0.18,40,buy
1772772719121,1893456007770208,0.18,40,sell
1772772719161,1893456007770210,0.18,20,sell
1772772774322,1893456007770236,0.16,100,buy
