timestamp_ms,tid,price,amount,type
1772290945454,1893456007672089,0.68,20,buy
1772290945454,1893456007672088,0.32,20,buy
1772290981632,1893456007672097,0.33,20,buy
1772290981632,1893456007672096,0.67,20,buy
1772290981704,1893456007672099,0.67,20,buy
1772290981704,1893456007672098,0.33,20,buy
1772291012315,1893456007672123,0.35,7,buy
1772291012315,1893456007672122,0.34,20,buy
1772291012315,1893456007672121,0.65,7,buy
1772291012315,1893456007672120,0.66,20,buy
1772291169696,1893456007672187,0.35,13,buy
1772291169696,1893456007672186,0.65,13,buy
1772291175657,1893456007672193,0.36,20,buy
1772291175657,1893456007672192,0.64,20,buy
1772291279596,1893456007672219,0.32,200,buy
1772291279596,1893456007672218,0.68,200,buy
1772291311787,1893456007672231,0.26,200,buy
1772291311787,1893456007672230,0.74,200,buy
1772291362039,1893456007672249,0.22,200,buy
1772291362039,1893456007672248,0.78,200,buy
1772291367377,1893456007672253,0.24,200,buy
1772291367377,1893456007672252,0.76,200,buy
1772291485094,1893456007672279,0.79,20,buy
1772291485094,1893456007672278,0.21,20,buy
1772291516085,1893456007672289,0.8,20,buy
1772291516085,1893456007672288,0.2,20,buy
1772291666462,1893456007672305,0.81,20,buy
1772291666462,1893456007672304,0.19,20,buy
1772291677144,1893456007672315,0.82,20,buy
1772291677144,1893456007672314,0.18,20,buy
1772291688094,1893456007672321,0.83,20,buy
1772291688094,1893456007672320,0.17,20,buy
1772291992857,1893456007672351,0.21,200,buy
1772291992857,1893456007672350,0.79,200,buy
1772292683217,1893456007672555,0.64,4,buy
1772292683217,1893456007672554,0.36,4,buy
1772292873855,1893456007672561,0.55,17,buy
1772292873855,1893456007672560,0.45,17,buy
1772292935473,1893456007672579,0.65,299,buy
1772292935473,1893456007672578,0.35,299,buy
1772292956890,1893456007672605,0.25,200,buy
1772292956890,1893456007672604,0.75,200,buy
1772292956960,1893456007672607,0.25,200,buy
1772292956960,1893456007672606,0.75,200,buy
1772292958548,1893456007672609,0.27,200,buy
1772292958548,1893456007672608,0.73,200,buy
1772292985159,1893456007672617,0.24,200,buy
1772292985159,1893456007672616,0.76,200,buy
1772293011336,1893456007672623,0.68,27,sell
1772293011336,1893456007672622,0.68,27,buy
1772293352767,1893456007672649,0.37,200,buy
1772293352767,1893456007672648,0.63,200,buy
1772293353615,1893456007672651,0.37,400,buy
1772293353615,1893456007672650,0.63,400,buy
1772293355758,1893456007672653,0.37,200,buy
1772293355758,1893456007672652,0.63,200,buy
1772293360468,1893456007672655,0.37,200,buy
1772293360468,1893456007672654,0.63,200,buy
1772293371005,1893456007672657,0.37,200,buy
1772293371005,1893456007672656,0.63,200,buy
1772293371256,1893456007672659,0.37,50,buy
1772293371256,1893456007672658,0.63,50,buy
1772293652511,1893456007672716,0.27,200,buy
1772293652511,1893456007672715,0.73,200,buy
1772293818257,1893456007672748,0.29,200,buy
1772293818257,1893456007672747,0.71,200,buy
1772293826626,1893456007672750,0.73,50,buy
1772293826626,1893456007672749,0.27,50,buy
1772293842607,1893456007672752,0.25,15,buy
1772293842607,1893456007672751,0.75,15,buy
1772293842720,1893456007672754,0.75,15,buy
1772293842720,1893456007672753,0.25,15,buy
1772293853829,1893456007672756,0.27,15,buy
1772293853829,1893456007672755,0.73,15,buy
1772293853883,1893456007672758,0.73,15,buy
1772293853883,1893456007672757,0.27,15,buy
1772293853921,1893456007672760,0.28,15,buy
1772293853921,1893456007672759,0.72,15,buy
1772293853994,1893456007672764,0.72,15,buy
1772293853994,1893456007672763,0.28,15,buy
1772293853994,1893456007672762,0.72,15,buy
1772293853994,1893456007672761,0.28,15,buy
1772293862517,1893456007672768,0.28,15,buy
1772293862517,1893456007672767,0.72,15,buy
1772293862560,1893456007672770,0.72,15,buy
1772293862560,1893456007672769,0.28,15,buy
1772293869364,1893456007672772,0.26,22,buy
1772293869364,1893456007672771,0.74,22,buy
1772293881017,1893456007672774,0.28,15,buy
1772293881017,1893456007672773,0.72,15,buy
1772293881057,1893456007672776,0.72,15,buy
1772293881057,1893456007672775,0.28,15,buy
1772293893330,1893456007672782,0.73,15,buy
1772293893330,1893456007672781,0.27,15,buy
1772293901505,1893456007672792,0.24,15,buy
1772293901505,1893456007672791,0.76,15,buy
1772293901589,1893456007672794,0.76,15,buy
1772293901589,1893456007672793,0.24,15,buy
1772293902051,1893456007672796,0.76,15,buy
1772293902051,1893456007672795,0.24,15,buy
1772293903515,1893456007672798,0.76,15,buy
1772293903515,1893456007672797,0.24,15,buy
1772293903749,1893456007672800,0.76,15,buy
1772293903749,1893456007672799,0.24,15,buy
1772293903863,1893456007672802,0.25,15,buy
1772293903863,1893456007672801,0.75,15,buy
1772293903911,1893456007672804,0.75,15,buy
1772293903911,1893456007672803,0.25,15,buy
1772293904374,1893456007672806,0.75,15,buy
1772293904374,1893456007672805,0.25,15,buy
1772293905045,1893456007672808,0.26,15,buy
1772293905045,1893456007672807,0.74,15,buy
1772293905126,1893456007672810,0.74,15,buy
1772293905126,1893456007672809,0.26,15,buy
1772293905358,1893456007672812,0.74,15,buy
1772293905358,1893456007672811,0.26,15,buy
1772293905737,1893456007672814,0.27,15,buy
1772293905737,1893456007672813,0.73,15,buy
1772293905746,1893456007672816,0.73,15,buy
1772293905746,1893456007672815,0.27,15,buy
1772293905788,1893456007672818,0.73,15,buy
1772293905788,1893456007672817,0.27,15,buy
1772293909147,1893456007672820,0.73,67,buy
1772293909147,1893456007672819,0.27,67,buy
1772293909339,1893456007672822,0.28,15,buy
1772293909339,1893456007672821,0.72,15,buy
1772293909376,1893456007672824,0.29,15,buy
1772293909376,1893456007672823,0.71,15,buy
1772293909480,1893456007672826,0.71,15,buy
1772293909480,1893456007672825,0.29,15,buy
1772293909515,1893456007672828,0.71,15,buy
1772293909515,1893456007672827,0.29,15,buy
1772293933803,1893456007672834,0.25,15,buy
1772293933803,1893456007672833,0.75,15,buy
1772293933836,1893456007672836,0.75,15,buy
1772293933836,1893456007672835,0.25,15,buy
1772293933942,1893456007672838,0.26,15,buy
1772293933942,1893456007672837,0.74,15,buy
1772293933974,1893456007672840,0.74,15,buy
1772293933974,1893456007672839,0.26,15,buy
1772293934305,1893456007672842,0.74,15,buy
1772293934305,1893456007672841,0.26,15,buy
1772293939236,1893456007672844,0.26,15,buy
1772293939236,1893456007672843,0.74,15,buy
1772293939274,1893456007672846,0.74,15,buy
1772293939274,1893456007672845,0.26,15,buy
1772293943425,1893456007672850,0.74,15,buy
1772293943425,1893456007672849,0.26,15,buy
1772293949435,1893456007672856,0.27,15,buy
1772293949435,1893456007672855,0.26,15,buy
1772293949435,1893456007672854,0.73,15,buy
1772293949435,1893456007672853,0.74,15,buy
1772293949524,1893456007672858,0.73,15,buy
1772293949524,1893456007672857,0.27,15,buy
1772293950229,1893456007672860,0.73,15,buy
1772293950229,1893456007672859,0.27,15,buy
1772293951509,1893456007672862,0.73,15,buy
1772293951509,1893456007672861,0.27,15,buy
1772293953586,1893456007672864,0.27,15,buy
1772293953586,1893456007672863,0.73,15,buy
1772293953641,1893456007672866,0.28,15,buy
1772293953641,1893456007672865,0.72,15,buy
1772293953660,1893456007672870,0.71,15,buy
1772293953660,1893456007672869,0.29,15,buy
1772293953660,1893456007672868,0.71,15,buy
1772293953660,1893456007672867,0.29,15,buy
1772293953741,1893456007672872,0.71,15,buy
1772293953741,1893456007672871,0.29,15,buy
1772293960637,1893456007672878,0.75,400,buy
1772293960637,1893456007672877,0.69,400,buy
1772293960637,1893456007672876,0.68,200,buy
1772293960637,1893456007672875,0.25,400,buy
1772293960637,1893456007672874,0.31,400,buy
1772293960637,1893456007672873,0.32,200,buy
1772294001264,1893456007672894,0.49,15,buy
1772294001264,1893456007672893,0.51,15,buy
1772294003237,1893456007672896,0.55,15,buy
1772294003237,1893456007672895,0.45,15,buy
1772294004506,1893456007672898,0.56,15,buy
1772294004506,1893456007672897,0.44,15,buy
1772294049526,1893456007672912,0.71,15,buy
1772294049526,1893456007672911,0.7,15,buy
1772294049526,1893456007672910,0.69,15,buy
1772294049526,1893456007672909,0.29,15,buy
1772294049526,1893456007672908,0.3,15,buy
1772294049526,1893456007672907,0.31,15,buy
1772294049601,1893456007672914,0.29,15,buy
1772294049601,1893456007672913,0.71,15,buy
1772294049625,1893456007672916,0.29,9,buy
1772294049625,1893456007672915,0.71,9,buy
