timestamp_ms,tid,price,amount,type
1772993660677,1893456007829304,0.59,100,buy
1772993660677,1893456007829303,0.41,100,buy
1772993660802,1893456007829306,0.59,200,buy
1772993660802,1893456007829305,0.41,200,buy
1772993660806,1893456007829308,0.59,100,buy
1772993660806,1893456007829307,0.41,100,buy
1772993660926,1893456007829310,0.59,87,buy
1772993660926,1893456007829309,0.41,87,buy
1772993662837,1893456007829312,0.59,200,buy
1772993662837,1893456007829311,0.41,200,buy
1772993662897,1893456007829314,0.59,100,buy
1772993662897,1893456007829313,0.41,100,buy
1772993664836,1893456007829318,0.59,100,buy
1772993664836,1893456007829317,0.41,100,buy
1772993764266,1893456007829330,0.63,100,buy
1772993764266,1893456007829329,0.37,100,buy
1772993764326,1893456007829332,0.63,200,buy
1772993764326,1893456007829331,0.37,200,buy
1772993807856,1893456007829338,0.69,40,buy
1772993807856,1893456007829337,0.31,40,buy
1772993834466,1893456007829346,0.68,35,buy
1772993834466,1893456007829345,0.67,35,buy
1772993834466,1893456007829344,0.66,588,buy
1772993834466,1893456007829343,0.32,35,buy
1772993834466,1893456007829342,0.33,35,buy
1772993834466,1893456007829341,0.34,588,buy
1772993834508,1893456007829348,0.32,70,buy
1772993834508,1893456007829347,0.68,70,buy
1772993903164,1893456007829363,0.72,100,buy
1772993903164,1893456007829362,0.28,65,buy
1772993903164,1893456007829361,0.28,35,buy
1772993903198,1893456007829365,0.72,200,buy
1772993903198,1893456007829364,0.28,200,buy
1772993903208,1893456007829367,0.72,100,buy
1772993903208,1893456007829366,0.28,100,buy
1772993903333,1893456007829369,0.72,100,buy
1772993903333,1893456007829368,0.28,100,buy
1772993903371,1893456007829371,0.72,200,buy
1772993903371,1893456007829370,0.28,200,buy
1772994066441,1893456007829401,0.4,33,buy
1772994066441,1893456007829400,0.6,33,buy
1772994068353,1893456007829403,0.41,33,buy
1772994068353,1893456007829402,0.59,33,buy
1772994199343,1893456007829413,0.34,35,buy
1772994199343,1893456007829412,0.66,35,buy
1772994199384,1893456007829415,0.66,35,buy
1772994199384,1893456007829414,0.34,35,buy
1772994199409,1893456007829417,0.66,30,buy
1772994199409,1893456007829416,0.34,30,buy
1772994210156,1893456007829437,0.36,35,buy
1772994210156,1893456007829436,0.64,35,buy
1772994210177,1893456007829445,0.64,35,buy
1772994210177,1893456007829444,0.36,35,buy
1772994210201,1893456007829447,0.64,30,buy
1772994210201,1893456007829446,0.36,30,buy
1772994238047,1893456007829449,0.37,35,buy
1772994238047,1893456007829448,0.63,35,buy
1772994238087,1893456007829451,0.63,35,buy
1772994238087,1893456007829450,0.37,35,buy
1772994238119,1893456007829454,0.63,35,buy
1772994238119,1893456007829453,0.37,5,buy
1772994238119,1893456007829452,0.37,30,buy
1772994238144,1893456007829456,0.63,35,buy
1772994238144,1893456007829455,0.37,35,buy
1772994238164,1893456007829458,0.63,35,buy
1772994238164,1893456007829457,0.37,35,buy
1772994238214,1893456007829460,0.63,35,buy
1772994238214,1893456007829459,0.37,35,buy
1772994240656,1893456007829462,0.37,35,buy
1772994240656,1893456007829461,0.63,35,buy
1772994240677,1893456007829464,0.63,35,buy
1772994240677,1893456007829463,0.37,35,buy
1772994240724,1893456007829466,0.63,30,buy
1772994240724,1893456007829465,0.37,30,buy
1772994247500,1893456007829468,0.41,35,buy
1772994247500,1893456007829467,0.59,35,buy
1772994247544,1893456007829470,0.59,35,buy
1772994247544,1893456007829469,0.41,35,buy
1772994247656,1893456007829472,0.42,35,buy
1772994247656,1893456007829471,0.58,35,buy
1772994247694,1893456007829474,0.58,35,buy
1772994247694,1893456007829473,0.42,35,buy
1772994247742,1893456007829476,0.58,30,buy
1772994247742,1893456007829475,0.42,30,buy
1772994304306,1893456007829480,0.43,35,buy
1772994304306,1893456007829479,0.57,35,buy
1772994304344,1893456007829482,0.57,35,buy
1772994304344,1893456007829481,0.43,35,buy
1772994304374,1893456007829484,0.57,35,buy
1772994304374,1893456007829483,0.43,35,buy
1772994304401,1893456007829486,0.57,35,buy
1772994304401,1893456007829485,0.43,35,buy
1772994304435,1893456007829488,0.57,35,buy
1772994304435,1893456007829487,0.43,35,buy
1772994304493,1893456007829491,0.57,35,buy
1772994304493,1893456007829490,0.43,10,buy
1772994304493,1893456007829489,0.43,25,buy
1772994304514,1893456007829493,0.57,35,buy
1772994304514,1893456007829492,0.43,35,buy
1772994304554,1893456007829495,0.57,35,buy
1772994304554,1893456007829494,0.43,35,buy
1772994304592,1893456007829497,0.57,20,buy
1772994304592,1893456007829496,0.43,20,buy
1772994313654,1893456007829499,0.58,93,buy
1772994313654,1893456007829498,0.42,93,buy
1772994406970,1893456007829552,0.48,35,buy
1772994406970,1893456007829551,0.52,35,buy
1772994406996,1893456007829554,0.52,35,buy
1772994406996,1893456007829553,0.48,35,buy
1772994407030,1893456007829556,0.52,30,buy
1772994407030,1893456007829555,0.48,30,buy
1772994585926,1893456007829813,0.66,292,buy
1772994585926,1893456007829812,0.34,192,buy
1772994585926,1893456007829811,0.34,100,buy
1772994628950,1893456007829821,0.4,35,buy
1772994628950,1893456007829820,0.39,35,buy
1772994628950,1893456007829819,0.6,35,buy
1772994628950,1893456007829818,0.61,35,buy
1772994628985,1893456007829823,0.61,35,buy
1772994628985,1893456007829822,0.39,35,buy
1772994660564,1893456007829825,0.42,35,buy
1772994660564,1893456007829824,0.58,35,buy
1772994681975,1893456007829827,0.43,35,buy
1772994681975,1893456007829826,0.57,35,buy
1772994682008,1893456007829829,0.57,35,buy
1772994682008,1893456007829828,0.43,35,buy
1772994682056,1893456007829832,0.57,35,buy
1772994682056,1893456007829831,0.43,5,buy
1772994682056,1893456007829830,0.43,30,buy
1772994794276,1893456007829852,0.47,16,buy
1772994794276,1893456007829851,0.46,35,buy
1772994794276,1893456007829850,0.53,16,buy
1772994794276,1893456007829849,0.54,35,buy
1772994890817,1893456007829856,0.41,22,buy
1772994890817,1893456007829855,0.59,22,buy
1772994935162,1893456007829862,0.37,35,buy
1772994935162,1893456007829861,0.63,35,buy
1772994935224,1893456007829864,0.63,35,buy
1772994935224,1893456007829863,0.37,35,buy
1772994935264,1893456007829866,0.63,30,buy
1772994935264,1893456007829865,0.37,30,buy
1772994960358,1893456007829870,0.39,35,buy
1772994960358,1893456007829869,0.61,35,buy
1772994960404,1893456007829872,0.61,35,buy
1772994960404,1893456007829871,0.39,35,buy
1772995066860,1893456007829899,0.84,233,buy
1772995066860,1893456007829898,0.16,33,buy
1772995066860,1893456007829897,0.16,200,buy
1772995459565,1893456007829941,0.94,5,buy
1772995459565,1893456007829940,0.06,5,buy
1772996088463,1893456007830053,0.07,223,buy
1772996088463,1893456007830052,0.06,300,buy
1772996088463,1893456007830051,0.05,200,buy
1772996088463,1893456007830050,0.04,100,buy
1772996088463,1893456007830049,0.93,223,buy
1772996088463,1893456007830048,0.94,300,buy
1772996088463,1893456007830047,0.95,200,buy
1772996088463,1893456007830046,0.96,100,buy
