timestamp_ms,tid,price,amount,type
1767507357876,1893456007124655,0.39,100,buy
1767509672157,1893456007124976,0.36,10,buy
1767509672157,1893456007124975,0.64,10,buy
1767512075903,1893456007125252,0.36,5,buy
1767512075903,1893456007125251,0.64,5,buy
1767523795428,1893456007126566,0.38,62,buy
1767523795428,1893456007126565,0.62,62,buy
1767536205967,1893456007127255,0.69,15,buy
1767536205967,1893456007127254,0.31,15,buy
1767543627855,1893456007127730,0.35,10,buy
1767543627855,1893456007127729,0.65,10,buy
1767545892960,1893456007127790,0.36,75,buy
1767545892960,1893456007127789,0.64,75,buy
1767546887355,1893456007127808,0.36,1,buy
1767546887355,1893456007127807,0.64,1,buy
1767547494907,1893456007127820,0.36,264,buy
1767547494907,1893456007127819,0.64,264,buy
1767562535166,1893456007128105,0.35,100,buy
1767562535166,1893456007128104,0.65,100,buy
1767564353885,1893456007128130,0.36,264,buy
1767564353885,1893456007128129,0.64,264,buy
1767569084688,1893456007128195,0.36,127,buy
1767569084688,1893456007128194,0.64,127,buy
1767574578836,1893456007128467,0.43,55,buy
1767574578836,1893456007128466,0.57,55,buy
1767575179075,1893456007128513,0.45,231,buy
1767575179075,1893456007128512,0.55,231,buy
1767576068646,1893456007128614,0.49,97,buy
1767576068646,1893456007128613,0.51,97,buy
1767577677553,1893456007128723,0.52,143,buy
1767577677553,1893456007128722,0.48,143,buy
1767579265437,1893456007128884,0.5,11,buy
1767579265437,1893456007128883,0.5,11,buy
1767584464422,1893456007129657,0.5,476,buy
1767584464422,1893456007129656,0.5,476,buy
1767587042882,1893456007129692,0.5,38,buy
1767587042882,1893456007129691,0.5,38,buy
1767593769608,1893456007129852,0.44,1,buy
1767593769608,1893456007129851,0.56,1,buy
1767594678317,1893456007129886,0.37,810,sell
1767594678317,1893456007129885,0.37,810,buy
1767594680658,1893456007129888,0.37,810,buy
1767594680658,1893456007129887,0.37,810,sell
1767594682264,1893456007129890,0.37,810,buy
1767594682264,1893456007129889,0.37,810,sell
1767594684343,1893456007129892,0.37,810,buy
1767594684343,1893456007129891,0.37,810,sell
1767594688045,1893456007129894,0.37,440,buy
1767594688045,1893456007129893,0.37,440,sell
1767595771907,1893456007129986,0.44,116,buy
1767595771907,1893456007129985,0.56,116,buy
1767598440635,1893456007130100,0.45,6,buy
1767598440635,1893456007130099,0.55,6,buy
1767601313245,1893456007130232,0.46,12,buy
1767601313245,1893456007130231,0.54,12,buy
1767616008651,1893456007130797,0.49,2,buy
1767616008651,1893456007130796,0.51,2,buy
1767620657327,1893456007131004,0.46,10,buy
1767620657327,1893456007131003,0.54,10,buy
1767624552016,1893456007131176,0.5,200,buy
1767624552016,1893456007131175,0.5,200,buy
1767624552017,1893456007131178,0.5,400,buy
1767624552017,1893456007131177,0.5,400,buy
1767627144978,1893456007131277,0.55,100,buy
1767627144978,1893456007131276,0.55,100,sell
1767628516529,1893456007131440,0.61,3,buy
1767628516529,1893456007131439,0.39,3,buy
1767629298946,1893456007131507,0.61,39,buy
1767629298946,1893456007131506,0.39,39,buy
1767629374722,1893456007131515,0.56,39,buy
1767629374722,1893456007131514,0.56,39,sell
1767629437507,1893456007131521,0.61,34,buy
1767629437507,1893456007131520,0.39,34,buy
1767635606357,1893456007131743,0.62,5,buy
1767635606357,1893456007131742,0.38,5,buy
1767636264193,1893456007131807,0.4,200,buy
1767636264193,1893456007131806,0.6,200,buy
1767636270765,1893456007131809,0.6,200,buy
1767636270765,1893456007131808,0.4,200,buy
1767637383149,1893456007131850,0.6,232,buy
1767637383149,1893456007131849,0.4,232,buy
1767637800082,1893456007131866,0.6,389,buy
1767637800082,1893456007131865,0.4,389,buy
1767639230086,1893456007131926,0.6,200,buy
1767639230086,1893456007131925,0.4,200,buy
1767639322246,1893456007131928,0.6,200,buy
1767639322246,1893456007131927,0.4,200,buy
1767639367243,1893456007131930,0.6,200,buy
1767639367243,1893456007131929,0.4,200,buy
1767639467056,1893456007131932,0.6,200,buy
1767639467056,1893456007131931,0.4,200,buy
1767640182196,1893456007131972,0.6,75,buy
1767640182196,1893456007131971,0.4,75,buy
1767642161947,1893456007132038,0.43,200,buy
1767642161947,1893456007132037,0.57,200,buy
1767642210465,1893456007132040,0.57,200,buy
1767642210465,1893456007132039,0.43,200,buy
1767643193670,1893456007132058,0.57,40,buy
1767643193670,1893456007132057,0.43,40,buy
1767644615006,1893456007132134,0.6,16,buy
1767644615006,1893456007132133,0.6,16,sell
1767644891136,1893456007132156,0.6,20,buy
1767644891136,1893456007132155,0.6,20,sell
1767644964695,1893456007132164,0.59,64,sell
1767644964695,1893456007132163,0.6,200,sell
1767644964695,1893456007132162,0.59,64,buy
1767644964695,1893456007132161,0.6,200,buy
1767646679206,1893456007132242,0.58,13,buy
1767646679206,1893456007132241,0.42,13,buy
1767648197986,1893456007132287,0.58,2,buy
1767648197986,1893456007132286,0.42,2,buy
1767648507092,1893456007132291,0.43,50,buy
1767648507092,1893456007132290,0.57,50,buy
1767648807123,1893456007132299,0.56,85,buy
1767648807123,1893456007132298,0.44,85,buy
1767649330870,1893456007132309,0.58,166,buy
1767649330870,1893456007132308,0.42,166,buy
1767649337687,1893456007132313,0.45,105,buy
1767649337687,1893456007132312,0.55,105,buy
1767651283441,1893456007132337,0.55,62,buy
1767651283441,1893456007132336,0.55,62,sell
1767653326147,1893456007132367,0.44,9,buy
1767653326147,1893456007132366,0.56,9,buy
1767658782226,1893456007132547,0.57,82,buy
1767658782226,1893456007132546,0.56,2,buy
1767658782226,1893456007132545,0.43,82,buy
1767658782226,1893456007132544,0.44,2,buy
1767660480078,1893456007132767,0.54,88,buy
1767660480078,1893456007132766,0.46,88,buy
1767660832153,1893456007132793,0.56,17,buy
1767660832153,1893456007132792,0.44,17,buy
1767662038353,1893456007132856,0.57,76,buy
1767662038353,1893456007132855,0.43,76,buy
1767662569787,1893456007132882,0.6,125,buy
1767662569787,1893456007132881,0.59,200,buy
1767662569787,1893456007132880,0.4,125,buy
1767662569787,1893456007132879,0.41,200,buy
1767665476400,1893456007132959,0.57,1,buy
1767665476400,1893456007132958,0.43,1,buy
1767668096027,1893456007133107,0.55,2,buy
1767668096027,1893456007133106,0.45,2,buy
1767671071054,1893456007133181,0.57,10,buy
1767671071054,1893456007133180,0.43,10,buy
1767672885926,1893456007133236,0.59,10,buy
1767672885926,1893456007133235,0.41,10,buy
1767674830256,1893456007133354,0.55,5,sell
1767674830256,1893456007133353,0.55,5,buy
1767678326867,1893456007133503,0.45,45,buy
1767678326867,1893456007133502,0.55,45,buy
1767681257789,1893456007133659,0.45,100,buy
1767681257789,1893456007133658,0.55,100,buy
1767689948369,1893456007134242,0.49,10,buy
1767689948369,1893456007134241,0.51,10,buy
1767695145147,1893456007134428,0.56,50,buy
1767695145147,1893456007134427,0.44,50,buy
1767697416577,1893456007134478,0.98,1,buy
1767697416577,1893456007134477,0.98,1,sell
1767699915406,1893456007134717,0.58,83,buy
1767699915406,1893456007134716,0.42,83,buy
1767701765479,1893456007134762,0.59,81,buy
1767701765479,1893456007134761,0.41,81,buy
1767702663385,1893456007134825,0.59,8,buy
1767702663385,1893456007134824,0.41,8,buy
1767702791455,1893456007134835,0.59,14,buy
1767702791455,1893456007134834,0.41,14,buy
1767702939706,1893456007134841,0.59,75,buy
1767702939706,1893456007134840,0.41,75,buy
1767706524927,1893456007135002,0.58,166,buy
1767706524927,1893456007135001,0.42,166,buy
1767707224176,1893456007135008,0.58,166,buy
1767707224176,1893456007135007,0.42,166,buy
1767710726795,1893456007135464,0.64,80,buy
1767710726795,1893456007135463,0.36,80,buy
1767714767991,1893456007135852,0.45,100,buy
1767714767991,1893456007135851,0.55,100,buy
1767715137456,1893456007135892,0.52,75,sell
1767715137456,1893456007135891,0.52,75,buy
1767716923183,1893456007136196,0.45,200,sell
1767716923183,1893456007136195,0.45,200,buy
1767716941054,1893456007136212,0.45,200,buy
1767716941054,1893456007136211,0.45,200,sell
1767717070815,1893456007136228,0.45,638,buy
1767717070815,1893456007136227,0.45,638,sell
1767717074272,1893456007136230,0.45,652,buy
1767717074272,1893456007136229,0.45,652,sell
1767717076786,1893456007136232,0.45,625,buy
1767717076786,1893456007136231,0.45,625,sell
1767717077679,1893456007136234,0.45,638,buy
1767717077679,1893456007136233,0.45,638,sell
1767717078886,1893456007136236,0.45,200,buy
1767717078886,1893456007136235,0.45,200,sell
1767717080275,1893456007136238,0.45,652,buy
1767717080275,1893456007136237,0.45,652,sell
1767717081405,1893456007136240,0.45,239,buy
1767717081405,1893456007136239,0.45,239,sell
1767719418365,1893456007136414,0.44,21,buy
1767719418365,1893456007136413,0.56,21,buy
1767719921834,1893456007136445,0.58,3,buy
1767719921834,1893456007136444,0.42,3,buy
1767720283392,1893456007136457,0.44,32,buy
1767720283392,1893456007136456,0.56,32,buy
1767720467595,1893456007136463,0.44,432,buy
1767720467595,1893456007136462,0.56,432,buy
1767720554086,1893456007136476,0.43,44,buy
1767720554086,1893456007136475,0.57,44,buy
1767724777556,1893456007136923,0.65,300,buy
1767724777556,1893456007136922,0.35,300,buy
1767728289246,1893456007137041,0.38,13,buy
1767728289246,1893456007137040,0.62,13,buy
1767729265494,1893456007137080,0.37,21,buy
1767729265494,1893456007137079,0.63,21,buy
1767729362794,1893456007137084,0.37,25,buy
1767729362794,1893456007137083,0.63,25,buy
1767732349597,1893456007137364,0.44,108,buy
1767732349597,1893456007137363,0.56,108,buy
1767733171806,1893456007137386,0.42,226,buy
1767733171806,1893456007137385,0.58,226,buy
1767733465047,1893456007137396,0.38,53,sell
1767733465047,1893456007137395,0.38,53,buy
1767741962306,1893456007137775,0.54,158,buy
1767741962306,1893456007137774,0.53,200,buy
1767741962306,1893456007137773,0.46,158,buy
1767741962306,1893456007137772,0.47,200,buy
1767742232427,1893456007137777,0.55,1,buy
1767742232427,1893456007137776,0.45,1,buy
1767743786475,1893456007137804,0.58,517,buy
1767743786475,1893456007137803,0.42,317,buy
1767743786475,1893456007137802,0.42,200,buy
1767746428787,1893456007137866,0.49,3,buy
1767746428787,1893456007137865,0.51,3,buy
1767749757567,1893456007137984,0.42,200,buy
1767749757567,1893456007137983,0.58,200,buy
1767754187082,1893456007138044,0.47,506,buy
1767754187082,1893456007138043,0.53,506,buy
1767759596756,1893456007138132,0.45,3,buy
1767759596756,1893456007138131,0.55,3,buy
1767759876548,1893456007138134,0.45,128,buy
1767759876548,1893456007138133,0.55,128,buy
1767761352316,1893456007138162,0.44,21,buy
1767761352316,1893456007138161,0.56,21,buy
1767767100286,1893456007138267,0.45,3,buy
1767767100286,1893456007138266,0.55,3,buy
1767774613888,1893456007138404,0.46,3,buy
1767774613888,1893456007138403,0.54,3,buy
1767778594075,1893456007138497,0.31,200,buy
1767778594075,1893456007138496,0.69,200,buy
1767779496196,1893456007138541,0.3,1,buy
1767779496196,1893456007138540,0.7,1,buy
1767781314986,1893456007138561,0.3,25,sell
1767781314986,1893456007138560,0.3,25,buy
1767782120551,1893456007138571,0.33,5,buy
1767782120551,1893456007138570,0.67,5,buy
1767786421656,1893456007138641,0.37,3,buy
1767786421656,1893456007138640,0.63,3,buy
1767788731002,1893456007138661,0.35,4,buy
1767788731002,1893456007138660,0.65,4,buy
1767789297630,1893456007138671,0.65,457,sell
1767789297630,1893456007138670,0.66,454,sell
1767789297630,1893456007138669,0.65,457,buy
1767789297630,1893456007138668,0.66,454,buy
1767789299312,1893456007138673,0.65,461,buy
1767789299312,1893456007138672,0.65,461,sell
1767789301335,1893456007138675,0.65,461,buy
1767789301335,1893456007138674,0.65,461,sell
1767789303335,1893456007138677,0.65,461,buy
1767789303335,1893456007138676,0.65,461,sell
1767789305394,1893456007138679,0.65,42,buy
1767789305394,1893456007138678,0.65,42,sell
1767790547385,1893456007138691,0.34,4,buy
1767790547385,1893456007138690,0.66,4,buy
1767792012757,1893456007138752,0.34,140,buy
1767792012757,1893456007138751,0.66,140,buy
1767793819367,1893456007138802,0.35,4,buy
1767793819367,1893456007138801,0.65,4,buy
1767794417058,1893456007138806,0.34,4,buy
1767794417058,1893456007138805,0.66,4,buy
1767797766228,1893456007138963,0.35,35,buy
1767797766228,1893456007138962,0.65,35,buy
1767797817518,1893456007138965,0.35,10,buy
1767797817518,1893456007138964,0.65,10,buy
1767800582376,1893456007139268,0.77,5,buy
1767800582376,1893456007139267,0.23,5,buy
1767801119835,1893456007139301,0.75,102,buy
1767801119835,1893456007139300,0.25,102,buy
1767803411267,1893456007139387,0.28,17,buy
1767803411267,1893456007139386,0.72,17,buy
1767807502141,1893456007139598,0.28,5,buy
1767807502141,1893456007139597,0.72,5,buy
1767810718675,1893456007139754,0.25,194,buy
1767810718675,1893456007139753,0.75,194,buy
1767811581459,1893456007139831,0.18,75,sell
1767811581459,1893456007139830,0.18,75,buy
1767811997587,1893456007139837,0.22,15,buy
1767811997587,1893456007139836,0.78,15,buy
1767817875436,1893456007140129,0.16,158,sell
1767817875436,1893456007140128,0.17,200,sell
1767817875436,1893456007140127,0.16,158,buy
1767817875436,1893456007140126,0.17,200,buy
1767830812182,1893456007140403,0.22,400,buy
1767830812182,1893456007140402,0.78,400,buy
1767831546157,1893456007140424,0.21,1,buy
1767831546157,1893456007140423,0.79,1,buy
1767831788987,1893456007140432,0.8,1,buy
1767831788987,1893456007140431,0.2,1,buy
1767832184349,1893456007140438,0.2,119,buy
1767832184349,1893456007140437,0.8,119,buy
1767845107502,1893456007140863,0.16,280,buy
1767845107502,1893456007140862,0.84,280,buy
1767849268280,1893456007140988,0.18,5,buy
1767849268280,1893456007140987,0.82,5,buy
1767853345497,1893456007141198,0.11,200,buy
1767853345497,1893456007141197,0.89,200,buy
1767854031885,1893456007141349,0.12,214,buy
1767854031885,1893456007141348,0.88,14,buy
1767854031885,1893456007141347,0.88,200,buy
1767856798603,1893456007141531,0.11,5,buy
1767856798603,1893456007141530,0.89,5,buy
1767864312615,1893456007141784,0.08,5,buy
1767864312615,1893456007141783,0.92,5,buy
1767865602169,1893456007141791,0.05,621,sell
1767865602169,1893456007141790,0.05,421,buy
1767865602169,1893456007141789,0.05,200,buy
1767871868817,1893456007142084,0.08,5,buy
1767871868817,1893456007142083,0.92,5,buy
1767874502416,1893456007142250,0.96,50,buy
1767874502416,1893456007142249,0.04,50,buy
1767874629454,1893456007142270,0.96,100,buy
1767874629454,1893456007142269,0.04,100,buy
1767875108732,1893456007142296,0.04,231,sell
1767875108732,1893456007142295,0.04,231,buy
1767880328265,1893456007142549,0.03,5,sell
1767880328265,1893456007142548,0.03,5,buy
1767880741456,1893456007142555,0.95,2,buy
1767880741456,1893456007142554,0.95,2,sell
1767886733927,1893456007143174,0.05,44,sell
1767886733927,1893456007143173,0.05,44,buy
1767886859113,1893456007143180,0.07,68,buy
1767886859113,1893456007143179,0.93,68,buy
1767886889139,1893456007143182,0.07,132,buy
1767886889139,1893456007143181,0.93,132,buy
1767887695598,1893456007143246,0.05,5,sell
1767887695598,1893456007143245,0.05,5,buy
1767891563300,1893456007143465,0.08,200,buy
1767891563300,1893456007143464,0.92,200,buy
1767891774194,1893456007143503,0.9,200,buy
1767891774194,1893456007143502,0.1,200,buy
1767893225387,1893456007143577,0.91,200,buy
1767893225387,1893456007143576,0.09,200,buy
1767894008575,1893456007143603,0.11,200,buy
1767894008575,1893456007143602,0.89,200,buy
1767897115776,1893456007143745,0.88,400,buy
1767897115776,1893456007143744,0.12,400,buy
1767897611596,1893456007143755,0.9,200,buy
1767897611596,1893456007143754,0.1,200,buy
1767897781305,1893456007143764,0.09,200,buy
1767897781305,1893456007143763,0.91,200,buy
1767898562386,1893456007143788,0.91,200,buy
1767898562386,1893456007143787,0.09,200,buy
1767899330637,1893456007143815,0.12,100,buy
1767899330637,1893456007143814,0.88,100,buy
1767899733127,1893456007143829,0.9,200,buy
1767899733127,1893456007143828,0.1,200,buy
1767900789327,1893456007143868,0.91,10,buy
1767900789327,1893456007143867,0.09,10,buy
1767900812372,1893456007143876,0.1,200,buy
1767900812372,1893456007143875,0.9,200,buy
1767900842290,1893456007143878,0.1,80,sell
1767900842290,1893456007143877,0.1,80,buy
1767900889000,1893456007143882,0.11,600,buy
1767900889000,1893456007143881,0.89,600,buy
1767906966687,1893456007144575,0.1,95,buy
1767906966687,1893456007144574,0.9,95,buy
1767907425104,1893456007144800,0.09,11,buy
1767907425104,1893456007144799,0.91,11,buy
1767907454806,1893456007144810,0.09,100,buy
1767907454806,1893456007144809,0.91,100,buy
1767908275149,1893456007145166,0.09,4,buy
1767908275149,1893456007145165,0.91,4,buy
1767908333411,1893456007145196,0.09,85,buy
1767908333411,1893456007145195,0.91,85,buy
1767908736256,1893456007145400,0.11,9,buy
1767908736256,1893456007145399,0.89,9,buy
1767910171957,1893456007146080,0.1,238,buy
1767910171957,1893456007146079,0.9,238,buy
1767910204298,1893456007146098,0.1,476,buy
1767910204298,1893456007146097,0.9,114,buy
1767910204298,1893456007146096,0.9,362,buy
1767910267616,1893456007146116,0.1,238,buy
1767910267616,1893456007146115,0.9,238,buy
1767910416055,1893456007146211,0.1,48,buy
1767910416055,1893456007146210,0.9,48,buy
1767911249671,1893456007146595,0.13,73,buy
1767911249671,1893456007146594,0.87,73,buy
1767911434401,1893456007146637,0.11,86,buy
1767911434401,1893456007146636,0.89,86,buy
1767911866716,1893456007146813,0.1,47,buy
1767911866716,1893456007146812,0.9,47,buy
1767916404968,1893456007148309,0.09,524,buy
1767916404968,1893456007148308,0.08,600,buy
1767916404968,1893456007148307,0.91,524,buy
1767916404968,1893456007148306,0.92,200,buy
1767916404968,1893456007148305,0.92,400,buy
1767916567568,1893456007148387,0.09,52,buy
1767916567568,1893456007148386,0.91,52,buy
1767916627409,1893456007148418,0.09,953,buy
1767916627409,1893456007148417,0.91,200,buy
1767916627409,1893456007148416,0.91,400,buy
1767916627409,1893456007148415,0.91,329,buy
1767916627409,1893456007148414,0.91,24,buy
1767916627562,1893456007148420,0.91,329,buy
1767916627562,1893456007148419,0.09,329,buy
1767916629560,1893456007148424,0.91,329,buy
1767916629560,1893456007148423,0.09,329,buy
1767916631564,1893456007148432,0.91,329,buy
1767916631564,1893456007148431,0.09,329,buy
1767916633586,1893456007148434,0.91,60,buy
1767916633586,1893456007148433,0.09,60,buy
1767917242516,1893456007148707,0.09,1,buy
1767917242516,1893456007148706,0.91,1,buy
1767917708427,1893456007148920,0.94,1,buy
1767917708427,1893456007148919,0.06,1,buy
1767918045037,1893456007149165,0.09,25,buy
1767918045037,1893456007149164,0.91,25,buy
1767918237816,1893456007149282,0.09,52,buy
1767918237816,1893456007149281,0.91,52,buy
1767918494257,1893456007149431,0.09,1058,buy
1767918494257,1893456007149430,0.91,206,buy
1767918494257,1893456007149429,0.91,600,buy
1767918494257,1893456007149428,0.91,252,buy
1767924021175,1893456007151367,0.07,322,buy
1767924021175,1893456007151366,0.06,319,buy
1767924021175,1893456007151365,0.93,322,buy
1767924021175,1893456007151364,0.94,319,buy
1767924462716,1893456007151532,0.09,529,buy
1767924462716,1893456007151531,0.91,200,buy
1767924462716,1893456007151530,0.91,329,buy
1767925996365,1893456007151910,0.05,600,sell
1767925996365,1893456007151909,0.05,200,buy
1767925996365,1893456007151908,0.05,400,buy
1767926046680,1893456007151914,0.05,200,buy
1767926046680,1893456007151913,0.05,200,sell
1767926226996,1893456007151938,0.05,200,buy
1767926226996,1893456007151937,0.05,200,sell
1767927031589,1893456007152044,0.06,319,buy
1767927031589,1893456007152043,0.05,14,buy
1767927031589,1893456007152042,0.94,319,buy
1767927031589,1893456007152041,0.05,14,sell
1767928234106,1893456007152247,0.04,12,sell
1767928234106,1893456007152246,0.04,12,buy
1767928706001,1893456007152418,0.05,3,buy
1767928706001,1893456007152417,0.95,3,buy
1767929229633,1893456007152592,0.96,200,buy
1767929229633,1893456007152591,0.04,200,buy
1767929262336,1893456007152606,0.04,112,buy
1767929262336,1893456007152605,0.96,112,buy
1767929262975,1893456007152610,0.96,88,buy
1767929262975,1893456007152609,0.04,88,buy
1767929605184,1893456007152705,0.03,116,sell
1767929605184,1893456007152704,0.03,116,buy
1767931214214,1893456007153168,0.05,315,buy
1767931214214,1893456007153167,0.95,315,buy
1767931215453,1893456007153172,0.95,161,buy
1767931215453,1893456007153171,0.05,161,buy
1767931695215,1893456007153355,0.05,315,buy
1767931695215,1893456007153354,0.04,312,buy
1767931695215,1893456007153353,0.95,315,buy
1767931695215,1893456007153352,0.96,312,buy
1767931695602,1893456007153357,0.95,73,buy
1767931695602,1893456007153356,0.05,73,buy
1767933132765,1893456007153792,0.97,309,buy
1767933132765,1893456007153791,0.03,309,buy
1767933150151,1893456007153801,0.97,291,buy
1767933150151,1893456007153800,0.03,200,buy
1767933150151,1893456007153799,0.03,91,buy
1767933183527,1893456007153817,0.03,18,buy
1767933183527,1893456007153816,0.97,18,buy
1767933185706,1893456007153819,0.97,182,buy
1767933185706,1893456007153818,0.03,182,buy
1767933677454,1893456007153968,0.03,127,buy
1767933677454,1893456007153967,0.97,127,buy
1767933743077,1893456007153982,0.02,116,sell
1767933743077,1893456007153981,0.02,116,buy
1767934297043,1893456007154098,0.03,309,buy
1767934297043,1893456007154097,0.97,309,buy
1767934363103,1893456007154104,0.02,116,sell
1767934363103,1893456007154103,0.02,116,buy
1767935828036,1893456007154376,0.03,100,buy
1767935828036,1893456007154375,0.97,100,buy
1767936988836,1893456007154787,0.03,309,buy
1767936988836,1893456007154786,0.97,309,buy
1767937755636,1893456007154889,0.03,309,buy
1767937755636,1893456007154888,0.97,309,buy
1767939086077,1893456007155085,0.03,309,buy
1767939086077,1893456007155084,0.97,309,buy
1767939087936,1893456007155087,0.97,309,buy
1767939087936,1893456007155086,0.03,309,buy
1767939089927,1893456007155089,0.97,282,buy
1767939089927,1893456007155088,0.03,282,buy
1767943316377,1893456007155832,0.03,27,buy
1767943316377,1893456007155831,0.97,27,buy
