timestamp_ms,tid,price,amount,type
1773115495503,1893456007884444,0.18,11,buy
1773115495503,1893456007884443,0.17,13,buy
1773115495503,1893456007884442,0.15,235,buy
1773115495503,1893456007884441,0.14,58,buy
1773115495503,1893456007884440,0.82,11,buy
1773115495503,1893456007884439,0.83,13,buy
1773115495503,1893456007884438,0.85,235,buy
1773115495503,1893456007884437,0.86,58,buy
1773115975906,1893456007884488,0.21,253,buy
1773115975906,1893456007884487,0.79,253,buy
1773115978208,1893456007884490,0.79,247,buy
1773115978208,1893456007884489,0.21,247,buy
1773116542031,1893456007884629,0.2,20,buy
1773116542031,1893456007884628,0.18,243,buy
1773116542031,1893456007884627,0.8,5,buy
1773116542031,1893456007884626,0.8,15,buy
1773116542031,1893456007884625,0.82,243,buy
1773117054482,1893456007884655,0.22,9,buy
1773117054482,1893456007884654,0.21,35,buy
1773117054482,1893456007884653,0.78,9,buy
1773117054482,1893456007884652,0.79,35,buy
1773117251515,1893456007884678,0.26,35,buy
1773117251515,1893456007884677,0.74,35,buy
1773117251577,1893456007884680,0.74,35,buy
1773117251577,1893456007884679,0.26,35,buy
1773117251609,1893456007884682,0.74,35,buy
1773117251609,1893456007884681,0.26,35,buy
1773117251647,1893456007884684,0.74,35,buy
1773117251647,1893456007884683,0.26,35,buy
1773117251756,1893456007884686,0.74,35,buy
1773117251756,1893456007884685,0.26,35,buy
1773117283157,1893456007884692,0.74,35,buy
1773117283157,1893456007884691,0.26,35,buy
1773117283236,1893456007884694,0.74,35,buy
1773117283236,1893456007884693,0.26,35,buy
1773117283306,1893456007884696,0.74,35,buy
1773117283306,1893456007884695,0.26,35,buy
1773117283327,1893456007884698,0.74,35,buy
1773117283327,1893456007884697,0.26,35,buy
1773117283356,1893456007884700,0.74,35,buy
1773117283356,1893456007884699,0.26,35,buy
1773117283399,1893456007884702,0.74,35,buy
1773117283399,1893456007884701,0.26,35,buy
1773117283430,1893456007884704,0.74,35,buy
1773117283430,1893456007884703,0.26,35,buy
1773117283450,1893456007884706,0.74,35,buy
1773117283450,1893456007884705,0.26,35,buy
1773117285259,1893456007884708,0.74,35,buy
1773117285259,1893456007884707,0.26,35,buy
1773117285319,1893456007884710,0.74,10,buy
1773117285319,1893456007884709,0.26,10,buy
1773117807682,1893456007884738,0.5,1,buy
1773117807682,1893456007884737,0.5,1,buy
1773117824017,1893456007884740,0.59,15,buy
1773117824017,1893456007884739,0.41,15,buy
1773117824022,1893456007884742,0.59,5,buy
1773117824022,1893456007884741,0.41,5,buy
1773118133796,1893456007884797,0.32,5,buy
1773118133796,1893456007884796,0.31,304,buy
1773118133796,1893456007884795,0.3,15,buy
1773118133796,1893456007884794,0.29,39,buy
1773118133796,1893456007884793,0.28,57,buy
1773118133796,1893456007884792,0.27,45,buy
1773118133796,1893456007884791,0.26,35,buy
1773118133796,1893456007884790,0.68,5,buy
1773118133796,1893456007884789,0.69,289,buy
1773118133796,1893456007884788,0.69,15,buy
1773118133796,1893456007884787,0.7,15,buy
1773118133796,1893456007884786,0.71,39,buy
1773118133796,1893456007884785,0.72,22,buy
1773118133796,1893456007884784,0.72,35,buy
1773118133796,1893456007884783,0.73,10,buy
1773118133796,1893456007884782,0.73,35,buy
1773118133796,1893456007884781,0.74,35,buy
1773118212489,1893456007884801,0.33,35,buy
1773118212489,1893456007884800,0.32,35,buy
1773118212489,1893456007884799,0.67,35,buy
1773118212489,1893456007884798,0.68,35,buy
1773118212552,1893456007884805,0.67,35,buy
1773118212552,1893456007884804,0.33,35,buy
1773118212552,1893456007884803,0.67,35,buy
1773118212552,1893456007884802,0.33,35,buy
1773118212614,1893456007884809,0.67,35,buy
1773118212614,1893456007884808,0.33,35,buy
1773118212614,1893456007884807,0.67,35,buy
1773118212614,1893456007884806,0.33,35,buy
1773118212657,1893456007884811,0.67,35,buy
1773118212657,1893456007884810,0.33,35,buy
1773118212658,1893456007884813,0.67,35,buy
1773118212658,1893456007884812,0.33,35,buy
1773118212686,1893456007884815,0.67,35,buy
1773118212686,1893456007884814,0.33,35,buy
1773118212760,1893456007884817,0.67,35,buy
1773118212760,1893456007884816,0.33,35,buy
1773118212817,1893456007884819,0.67,35,buy
1773118212817,1893456007884818,0.33,35,buy
1773118212998,1893456007884821,0.67,35,buy
1773118212998,1893456007884820,0.33,35,buy
1773118213020,1893456007884823,0.67,35,buy
1773118213020,1893456007884822,0.33,35,buy
1773118213110,1893456007884825,0.67,35,buy
1773118213110,1893456007884824,0.33,35,buy
1773118213166,1893456007884827,0.67,10,buy
1773118213166,1893456007884826,0.33,10,buy
1773118575631,1893456007884872,0.7,27,sell
1773118575631,1893456007884871,0.71,13,sell
1773118575631,1893456007884870,0.7,27,buy
1773118575631,1893456007884869,0.71,13,buy
1773118575636,1893456007884876,0.7,13,buy
1773118575636,1893456007884875,0.7,13,sell
1773118575636,1893456007884874,0.7,27,buy
1773118575636,1893456007884873,0.7,27,sell
1773118575646,1893456007884880,0.7,13,buy
1773118575646,1893456007884879,0.7,13,sell
1773118575646,1893456007884878,0.7,27,buy
1773118575646,1893456007884877,0.7,27,sell
1773118575658,1893456007884882,0.7,27,buy
1773118575658,1893456007884881,0.7,27,sell
1773118575663,1893456007884884,0.7,27,buy
1773118575663,1893456007884883,0.7,27,sell
1773118575664,1893456007884886,0.7,13,buy
1773118575664,1893456007884885,0.7,13,sell
1773118575676,1893456007884888,0.7,27,buy
1773118575676,1893456007884887,0.7,27,sell
1773118575714,1893456007884892,0.7,13,buy
1773118575714,1893456007884891,0.7,13,sell
1773118575714,1893456007884890,0.7,27,buy
1773118575714,1893456007884889,0.7,27,sell
1773118576903,1893456007884894,0.7,19,buy
1773118576903,1893456007884893,0.7,19,sell
1773118577002,1893456007884898,0.7,29,buy
1773118577002,1893456007884897,0.7,29,sell
1773118577002,1893456007884896,0.7,13,buy
1773118577002,1893456007884895,0.7,13,sell
1773118577016,1893456007884900,0.7,2,buy
1773118577016,1893456007884899,0.7,2,sell
