timestamp_ms,tid,price,amount,type
1772326806554,1893456007685664,0.14,57,buy
1772326806554,1893456007685663,0.86,57,buy
1772330466056,1893456007687901,0.82,57,sell
1772330466056,1893456007687900,0.82,57,buy
1772355264164,1893456007693722,0.18,1,buy
1772355264164,1893456007693721,0.82,1,buy
1772385211785,1893456007698375,0.24,1,buy
1772385211785,1893456007698374,0.76,1,buy
1772386254604,1893456007698484,0.78,63,buy
1772386254604,1893456007698483,0.22,63,buy
1772393473266,1893456007700204,0.34,77,buy
1772393473266,1893456007700203,0.28,416,buy
1772393473266,1893456007700202,0.66,77,buy
1772393473266,1893456007700201,0.72,416,buy
1772393497127,1893456007700216,0.15,493,sell
1772393497127,1893456007700215,0.15,493,buy
1772393633406,1893456007700246,0.85,200,buy
1772393633406,1893456007700245,0.15,200,buy
1772395748607,1893456007700657,0.34,123,buy
1772395748607,1893456007700656,0.66,123,buy
1772396082723,1893456007700689,0.44,100,buy
1772396082723,1893456007700688,0.56,100,buy
1772396193104,1893456007700705,0.45,8,buy
1772396193104,1893456007700704,0.55,8,buy
1772398111964,1893456007701021,0.65,40,buy
1772398111964,1893456007701020,0.35,40,buy
1772398224736,1893456007701039,0.36,50,buy
1772398224736,1893456007701038,0.64,50,buy
1772398622886,1893456007701245,0.68,5,buy
1772398622886,1893456007701244,0.32,5,buy
1772398678026,1893456007701262,0.37,500,buy
1772398678026,1893456007701261,0.63,300,buy
1772398678026,1893456007701260,0.63,200,buy
1772398972328,1893456007701310,0.61,1,buy
1772398972328,1893456007701309,0.39,1,buy
1772399018824,1893456007701322,0.59,1,buy
1772399018824,1893456007701321,0.41,1,buy
1772399141181,1893456007701334,0.37,57,buy
1772399141181,1893456007701333,0.36,200,buy
1772399141181,1893456007701332,0.63,57,buy
1772399141181,1893456007701331,0.64,200,buy
1772399743245,1893456007701394,0.6,158,buy
1772399743245,1893456007701393,0.4,158,buy
1772399988287,1893456007701416,0.63,100,buy
1772399988287,1893456007701415,0.37,100,buy
1772400098677,1893456007701443,0.33,314,buy
1772400098677,1893456007701442,0.32,686,buy
1772400098677,1893456007701441,0.67,169,buy
1772400098677,1893456007701440,0.67,125,buy
1772400098677,1893456007701439,0.67,20,buy
1772400098677,1893456007701438,0.68,400,buy
1772400098677,1893456007701437,0.68,200,buy
1772400098677,1893456007701436,0.68,20,buy
1772400098677,1893456007701435,0.68,66,buy
1772400122778,1893456007701454,0.75,32,buy
1772400122778,1893456007701453,0.25,32,buy
1772400208085,1893456007701495,0.73,60,buy
1772400208085,1893456007701494,0.27,60,buy
1772400521101,1893456007701519,0.58,25,buy
1772400521101,1893456007701518,0.42,25,buy
1772400522157,1893456007701521,0.59,25,buy
1772400522157,1893456007701520,0.41,25,buy
1772400591354,1893456007701527,0.61,25,buy
1772400591354,1893456007701526,0.6,25,buy
1772400591354,1893456007701525,0.39,25,buy
1772400591354,1893456007701524,0.4,25,buy
1772400591360,1893456007701529,0.62,25,buy
1772400591360,1893456007701528,0.38,25,buy
1772401168126,1893456007701599,0.8,123,buy
1772401168126,1893456007701598,0.2,123,buy
1772401215762,1893456007701605,0.15,46,buy
1772401215762,1893456007701604,0.85,46,buy
1772401254112,1893456007701613,0.14,115,buy
1772401254112,1893456007701612,0.86,115,buy
1772401285070,1893456007701617,0.81,50,buy
1772401285070,1893456007701616,0.19,50,buy
1772401288335,1893456007701619,0.81,50,buy
1772401288335,1893456007701618,0.19,50,buy
1772401288350,1893456007701621,0.81,14,buy
1772401288350,1893456007701620,0.19,14,buy
1772401291977,1893456007701623,0.21,20,buy
1772401291977,1893456007701622,0.79,20,buy
1772401292053,1893456007701625,0.79,20,buy
1772401292053,1893456007701624,0.21,20,buy
1772401326663,1893456007701631,0.26,20,buy
1772401326663,1893456007701630,0.74,20,buy
1772401326767,1893456007701633,0.27,20,buy
1772401326767,1893456007701632,0.73,20,buy
1772401326827,1893456007701635,0.73,20,buy
1772401326827,1893456007701634,0.27,20,buy
1772401326871,1893456007701637,0.28,20,buy
1772401326871,1893456007701636,0.72,20,buy
1772401326904,1893456007701639,0.72,20,buy
1772401326904,1893456007701638,0.28,20,buy
1772401356977,1893456007701645,0.27,13,buy
1772401356977,1893456007701644,0.73,13,buy
1772401357656,1893456007701647,0.31,25,buy
1772401357656,1893456007701646,0.69,25,buy
1772401483165,1893456007701665,0.76,25,buy
1772401483165,1893456007701664,0.24,25,buy
1772401483245,1893456007701667,0.77,25,buy
1772401483245,1893456007701666,0.23,25,buy
1772401483355,1893456007701671,0.78,25,buy
1772401483355,1893456007701670,0.22,25,buy
1772401483376,1893456007701673,0.79,25,buy
1772401483376,1893456007701672,0.21,25,buy
1772401483583,1893456007701675,0.8,25,buy
1772401483583,1893456007701674,0.2,25,buy
1772401583494,1893456007701683,0.8,1,buy
1772401583494,1893456007701682,0.2,1,buy
1772401616447,1893456007701687,0.23,20,buy
1772401616447,1893456007701686,0.77,20,buy
1772401616497,1893456007701689,0.24,20,buy
1772401616497,1893456007701688,0.76,20,buy
1772401616502,1893456007701691,0.76,20,buy
1772401616502,1893456007701690,0.24,20,buy
1772401616566,1893456007701695,0.76,20,buy
1772401616566,1893456007701694,0.24,20,buy
1772401616566,1893456007701693,0.76,20,buy
1772401616566,1893456007701692,0.24,20,buy
1772401632985,1893456007701697,0.25,20,buy
1772401632985,1893456007701696,0.75,20,buy
1772401641404,1893456007701701,0.73,20,buy
1772401641404,1893456007701700,0.27,20,buy
1772401645114,1893456007701705,0.75,20,buy
1772401645114,1893456007701704,0.25,20,buy
1772401645264,1893456007701707,0.75,20,buy
1772401645264,1893456007701706,0.25,20,buy
1772401645375,1893456007701709,0.75,20,buy
1772401645375,1893456007701708,0.25,20,buy
1772401648037,1893456007701711,0.26,20,buy
1772401648037,1893456007701710,0.74,20,buy
1772401648082,1893456007701713,0.74,20,buy
1772401648082,1893456007701712,0.26,20,buy
1772401648183,1893456007701715,0.74,24,buy
1772401648183,1893456007701714,0.26,24,buy
1772401659937,1893456007701725,0.25,25,sell
1772401659937,1893456007701724,0.26,200,sell
1772401659937,1893456007701723,0.25,25,buy
1772401659937,1893456007701722,0.26,200,buy
1772401710713,1893456007701751,0.22,20,buy
1772401710713,1893456007701750,0.78,20,buy
1772401710760,1893456007701753,0.78,20,buy
1772401710760,1893456007701752,0.22,20,buy
1772401710815,1893456007701755,0.78,20,buy
1772401710815,1893456007701754,0.22,20,buy
