timestamp_ms,tid,price,amount,type
1772719552673,1893456007754473,0.61,20,buy
1772719552673,1893456007754472,0.39,20,buy
1772719754761,1893456007754511,0.49,19,buy
1772719754761,1893456007754510,0.51,19,buy
1772719821967,1893456007754528,0.5,9,buy
1772719821967,1893456007754527,0.5,9,buy
1772720130146,1893456007754539,0.61,57,buy
1772720130146,1893456007754538,0.6,25,buy
1772720130146,1893456007754537,0.39,32,buy
1772720130146,1893456007754536,0.39,25,buy
1772720130146,1893456007754535,0.4,25,buy
1772720130157,1893456007754541,0.39,32,buy
1772720130157,1893456007754540,0.61,32,buy
1772720130166,1893456007754543,0.39,32,buy
1772720130166,1893456007754542,0.61,32,buy
1772720130176,1893456007754545,0.39,32,buy
1772720130176,1893456007754544,0.61,32,buy
1772720130186,1893456007754547,0.39,32,buy
1772720130186,1893456007754546,0.61,32,buy
1772720130196,1893456007754549,0.39,32,buy
1772720130196,1893456007754548,0.61,32,buy
1772720130207,1893456007754551,0.39,25,buy
1772720130207,1893456007754550,0.61,25,buy
1772720130212,1893456007754553,0.39,32,buy
1772720130212,1893456007754552,0.61,32,buy
1772720130222,1893456007754555,0.39,32,buy
1772720130222,1893456007754554,0.61,32,buy
1772720130236,1893456007754559,0.39,32,buy
1772720130236,1893456007754558,0.61,32,buy
1772720130236,1893456007754557,0.39,25,buy
1772720130236,1893456007754556,0.61,25,buy
1772720130242,1893456007754561,0.39,32,buy
1772720130242,1893456007754560,0.61,32,buy
1772720134367,1893456007754563,0.39,33,buy
1772720134367,1893456007754562,0.61,33,buy
1772720134376,1893456007754565,0.39,33,buy
1772720134376,1893456007754564,0.61,33,buy
1772720134396,1893456007754567,0.39,33,buy
1772720134396,1893456007754566,0.61,33,buy
1772720134406,1893456007754569,0.39,33,buy
1772720134406,1893456007754568,0.61,33,buy
1772720134416,1893456007754571,0.39,33,buy
1772720134416,1893456007754570,0.61,33,buy
1772720134436,1893456007754575,0.39,25,buy
1772720134436,1893456007754574,0.61,25,buy
1772720134436,1893456007754573,0.39,33,buy
1772720134436,1893456007754572,0.61,33,buy
1772720134452,1893456007754577,0.39,33,buy
1772720134452,1893456007754576,0.61,33,buy
1772720134456,1893456007754579,0.39,33,buy
1772720134456,1893456007754578,0.61,33,buy
1772720134461,1893456007754581,0.39,33,buy
1772720134461,1893456007754580,0.61,33,buy
1772720134472,1893456007754583,0.39,33,buy
1772720134472,1893456007754582,0.61,33,buy
1772720134481,1893456007754585,0.39,33,buy
1772720134481,1893456007754584,0.61,33,buy
1772720134486,1893456007754587,0.39,33,buy
1772720134486,1893456007754586,0.61,33,buy
1772720134490,1893456007754589,0.39,25,buy
1772720134490,1893456007754588,0.61,25,buy
1772720134503,1893456007754591,0.39,33,buy
1772720134503,1893456007754590,0.61,33,buy
1772720134511,1893456007754593,0.39,33,buy
1772720134511,1893456007754592,0.61,33,buy
1772720134516,1893456007754595,0.39,33,buy
1772720134516,1893456007754594,0.61,33,buy
1772720134526,1893456007754597,0.39,25,buy
1772720134526,1893456007754596,0.61,25,buy
1772720134532,1893456007754599,0.39,33,buy
1772720134532,1893456007754598,0.61,33,buy
1772720134537,1893456007754601,0.39,33,buy
1772720134537,1893456007754600,0.61,33,buy
1772720134546,1893456007754603,0.39,33,buy
1772720134546,1893456007754602,0.61,33,buy
1772720134556,1893456007754605,0.39,33,buy
1772720134556,1893456007754604,0.61,33,buy
1772720186307,1893456007754609,0.58,20,buy
1772720186307,1893456007754608,0.42,20,buy
1772720281705,1893456007754615,0.49,19,buy
1772720281705,1893456007754614,0.51,19,buy
1772721177237,1893456007754685,0.47,40,buy
1772721177237,1893456007754684,0.53,40,buy
1772721315876,1893456007754708,0.33,25,buy
1772721315876,1893456007754707,0.67,25,buy
1772721357384,1893456007754716,0.33,25,buy
1772721357384,1893456007754715,0.67,25,buy
1772721357420,1893456007754718,0.33,25,buy
1772721357420,1893456007754717,0.67,25,buy
1772721357470,1893456007754720,0.33,13,buy
1772721357470,1893456007754719,0.67,13,buy
1772721380507,1893456007754732,0.66,23,buy
1772721380507,1893456007754731,0.65,25,buy
1772721380507,1893456007754730,0.64,25,buy
1772721380507,1893456007754729,0.34,23,buy
1772721380507,1893456007754728,0.35,25,buy
1772721380507,1893456007754727,0.36,25,buy
1772722131316,1893456007755008,0.8,61,buy
1772722131316,1893456007755007,0.79,73,buy
1772722131316,1893456007755006,0.78,47,buy
1772722131316,1893456007755005,0.77,25,buy
1772722131316,1893456007755004,0.76,25,buy
1772722131316,1893456007755003,0.2,61,buy
1772722131316,1893456007755002,0.21,48,buy
1772722131316,1893456007755001,0.21,25,buy
1772722131316,1893456007755000,0.22,22,buy
1772722131316,1893456007754999,0.22,25,buy
1772722131316,1893456007754998,0.23,25,buy
1772722131316,1893456007754997,0.24,25,buy
1772722486648,1893456007755058,0.4,16,buy
1772722486648,1893456007755057,0.6,16,buy
1772722491025,1893456007755060,0.62,25,buy
1772722491025,1893456007755059,0.38,25,buy
1772722491127,1893456007755062,0.38,25,buy
1772722491127,1893456007755061,0.62,25,buy
1772722491666,1893456007755064,0.38,2,buy
1772722491666,1893456007755063,0.62,2,buy
1772722496216,1893456007755066,0.45,10,buy
1772722496216,1893456007755065,0.55,10,buy
1772722572286,1893456007755074,0.43,20,buy
1772722572286,1893456007755073,0.57,20,buy
1772722582526,1893456007755082,0.55,11,buy
1772722582526,1893456007755081,0.54,25,buy
1772722582526,1893456007755080,0.53,25,buy
1772722582526,1893456007755079,0.52,25,buy
1772722582526,1893456007755078,0.45,11,buy
1772722582526,1893456007755077,0.46,25,buy
1772722582526,1893456007755076,0.47,25,buy
1772722582526,1893456007755075,0.48,25,buy
1772722674577,1893456007755089,0.57,8,buy
1772722674577,1893456007755088,0.57,7,sell
1772722674577,1893456007755087,0.43,1,buy
1772722687766,1893456007755091,0.57,3,buy
1772722687766,1893456007755090,0.57,3,sell
1772722702386,1893456007755095,0.88,20,sell
1772722702386,1893456007755094,0.88,20,buy
