timestamp_ms,tid,price,amount,type
1772348581196,1893456007692879,0.89,1,buy
1772348581196,1893456007692878,0.11,1,buy
1772348610814,1893456007692889,0.16,357,buy
1772348610814,1893456007692888,0.15,1400,buy
1772348610814,1893456007692887,0.14,600,buy
1772348610814,1893456007692886,0.84,357,buy
1772348610814,1893456007692885,0.85,800,buy
1772348610814,1893456007692884,0.85,600,buy
1772348610814,1893456007692883,0.86,400,buy
1772348610814,1893456007692882,0.86,200,buy
1772348610834,1893456007692891,0.84,357,buy
1772348610834,1893456007692890,0.16,357,buy
1772348610846,1893456007692893,0.84,400,buy
1772348610846,1893456007692892,0.16,400,buy
1772348610858,1893456007692895,0.84,357,buy
1772348610858,1893456007692894,0.16,357,buy
1772348610876,1893456007692897,0.84,357,buy
1772348610876,1893456007692896,0.16,357,buy
1772348610893,1893456007692899,0.84,357,buy
1772348610893,1893456007692898,0.16,357,buy
1772348610911,1893456007692901,0.84,357,buy
1772348610911,1893456007692900,0.16,357,buy
1772348610944,1893456007692903,0.84,357,buy
1772348610944,1893456007692902,0.16,357,buy
1772348610976,1893456007692905,0.84,357,buy
1772348610976,1893456007692904,0.16,357,buy
1772348610995,1893456007692907,0.84,357,buy
1772348610995,1893456007692906,0.16,357,buy
1772348611034,1893456007692909,0.84,357,buy
1772348611034,1893456007692908,0.16,357,buy
1772348611051,1893456007692911,0.84,357,buy
1772348611051,1893456007692910,0.16,357,buy
1772348611078,1893456007692913,0.84,357,buy
1772348611078,1893456007692912,0.16,357,buy
1772348611100,1893456007692915,0.84,357,buy
1772348611100,1893456007692914,0.16,357,buy
1772348611127,1893456007692917,0.84,357,buy
1772348611127,1893456007692916,0.16,357,buy
1772348611152,1893456007692919,0.84,357,buy
1772348611152,1893456007692918,0.16,357,buy
1772348611163,1893456007692921,0.84,1,buy
1772348611163,1893456007692920,0.16,1,buy
1772348611188,1893456007692923,0.84,357,buy
1772348611188,1893456007692922,0.16,357,buy
1772348611205,1893456007692925,0.84,357,buy
1772348611205,1893456007692924,0.16,357,buy
1772348611234,1893456007692927,0.84,357,buy
1772348611234,1893456007692926,0.16,357,buy
1772348611256,1893456007692929,0.84,61,buy
1772348611256,1893456007692928,0.16,61,buy
1772349006803,1893456007692957,0.13,5,buy
1772349006803,1893456007692956,0.87,5,buy
1772349114730,1893456007692975,0.24,20,buy
1772349114730,1893456007692974,0.76,20,buy
1772349114794,1893456007692977,0.76,20,buy
1772349114794,1893456007692976,0.24,20,buy
1772349114884,1893456007692979,0.76,20,buy
1772349114884,1893456007692978,0.24,20,buy
1772349118437,1893456007692981,0.26,20,buy
1772349118437,1893456007692980,0.74,20,buy
1772349118568,1893456007692983,0.74,20,buy
1772349118568,1893456007692982,0.26,20,buy
1772349121563,1893456007692985,0.27,20,buy
1772349121563,1893456007692984,0.73,20,buy
1772349138799,1893456007692987,0.24,20,buy
1772349138799,1893456007692986,0.76,20,buy
1772349138874,1893456007692989,0.76,20,buy
1772349138874,1893456007692988,0.24,20,buy
1772349138900,1893456007692991,0.25,20,buy
1772349138900,1893456007692990,0.75,20,buy
1772349138924,1893456007692993,0.75,20,buy
1772349138924,1893456007692992,0.25,20,buy
1772349138982,1893456007692995,0.75,20,buy
1772349138982,1893456007692994,0.25,20,buy
1772349256977,1893456007692997,0.27,20,buy
1772349256977,1893456007692996,0.73,20,buy
1772349257024,1893456007692999,0.73,20,buy
1772349257024,1893456007692998,0.27,20,buy
1772349257134,1893456007693001,0.73,20,buy
1772349257134,1893456007693000,0.27,20,buy
1772349257181,1893456007693003,0.73,20,buy
1772349257181,1893456007693002,0.27,20,buy
1772349257260,1893456007693005,0.73,20,buy
1772349257260,1893456007693004,0.27,20,buy
1772349257300,1893456007693007,0.73,20,buy
1772349257300,1893456007693006,0.27,20,buy
1772349257341,1893456007693009,0.73,20,buy
1772349257341,1893456007693008,0.27,20,buy
1772349257378,1893456007693011,0.73,20,buy
1772349257378,1893456007693010,0.27,20,buy
1772349257418,1893456007693013,0.73,20,buy
1772349257418,1893456007693012,0.27,20,buy
1772349257467,1893456007693015,0.73,20,buy
1772349257467,1893456007693014,0.27,20,buy
1772349746778,1893456007693029,0.25,20,buy
1772349746778,1893456007693028,0.75,20,buy
1772349746830,1893456007693031,0.75,20,buy
1772349746830,1893456007693030,0.25,20,buy
1772349746888,1893456007693033,0.75,20,buy
1772349746888,1893456007693032,0.25,20,buy
1772349746918,1893456007693035,0.75,20,buy
1772349746918,1893456007693034,0.25,20,buy
1772350151378,1893456007693053,0.84,200,buy
1772350151378,1893456007693052,0.16,200,buy
1772350163010,1893456007693055,0.84,400,buy
1772350163010,1893456007693054,0.16,400,buy
1772350194610,1893456007693057,0.84,200,buy
1772350194610,1893456007693056,0.16,200,buy
1772350200468,1893456007693059,0.84,200,buy
1772350200468,1893456007693058,0.16,200,buy
1772350200876,1893456007693061,0.84,300,buy
1772350200876,1893456007693060,0.16,300,buy
1772350493347,1893456007693077,0.22,20,buy
1772350493347,1893456007693076,0.78,20,buy
1772350493425,1893456007693079,0.78,20,buy
1772350493425,1893456007693078,0.22,20,buy
1772350493504,1893456007693081,0.78,20,buy
1772350493504,1893456007693080,0.22,20,buy
1772350502201,1893456007693083,0.27,20,buy
1772350502201,1893456007693082,0.73,20,buy
1772350523777,1893456007693093,0.28,20,buy
1772350523777,1893456007693092,0.72,20,buy
1772350523807,1893456007693095,0.72,20,buy
1772350523807,1893456007693094,0.28,20,buy
1772350527136,1893456007693097,0.29,20,buy
1772350527136,1893456007693096,0.71,20,buy
1772350527184,1893456007693099,0.71,20,buy
1772350527184,1893456007693098,0.29,20,buy
1772350529442,1893456007693115,0.33,288,buy
1772350529442,1893456007693114,0.32,149,buy
1772350529442,1893456007693113,0.31,100,buy
1772350529442,1893456007693112,0.3,63,buy
1772350529442,1893456007693111,0.67,268,buy
1772350529442,1893456007693110,0.67,20,buy
1772350529442,1893456007693109,0.68,129,buy
1772350529442,1893456007693108,0.68,20,buy
1772350529442,1893456007693107,0.69,80,buy
1772350529442,1893456007693106,0.69,20,buy
1772350529442,1893456007693105,0.7,43,buy
1772350529442,1893456007693104,0.7,20,buy
1772350529447,1893456007693117,0.33,179,buy
1772350529447,1893456007693116,0.67,179,buy
1772350529449,1893456007693123,0.6,80,buy
1772350529449,1893456007693122,0.4,80,buy
1772350529449,1893456007693121,0.6,43,buy
1772350529449,1893456007693120,0.4,43,buy
1772350529449,1893456007693119,0.6,129,buy
1772350529449,1893456007693118,0.4,129,buy
1772350529454,1893456007693129,0.6,80,buy
1772350529454,1893456007693128,0.4,80,buy
1772350529454,1893456007693127,0.6,43,buy
1772350529454,1893456007693126,0.4,43,buy
1772350529454,1893456007693125,0.6,129,buy
1772350529454,1893456007693124,0.4,129,buy
1772350529464,1893456007693135,0.58,80,buy
1772350529464,1893456007693134,0.42,80,buy
1772350529464,1893456007693133,0.58,43,buy
1772350529464,1893456007693132,0.42,43,buy
1772350529464,1893456007693131,0.58,129,buy
1772350529464,1893456007693130,0.42,129,buy
1772350529474,1893456007693141,0.6,27,buy
1772350529474,1893456007693140,0.58,16,buy
1772350529474,1893456007693139,0.4,27,buy
1772350529474,1893456007693138,0.42,16,buy
1772350529474,1893456007693137,0.58,132,buy
1772350529474,1893456007693136,0.42,132,buy
1772350529475,1893456007693143,0.6,82,buy
1772350529475,1893456007693142,0.4,82,buy
1772350529480,1893456007693145,0.6,8,buy
1772350529480,1893456007693144,0.4,8,buy
1772350529514,1893456007693153,0.63,20,buy
1772350529514,1893456007693152,0.37,20,buy
1772350529514,1893456007693151,0.63,20,buy
1772350529514,1893456007693150,0.37,20,buy
1772350529514,1893456007693149,0.63,20,buy
1772350529514,1893456007693148,0.37,20,buy
1772350529514,1893456007693147,0.63,20,buy
1772350529514,1893456007693146,0.37,20,buy
1772350529604,1893456007693155,0.64,20,buy
1772350529604,1893456007693154,0.36,20,buy
1772350529613,1893456007693159,0.64,20,buy
1772350529613,1893456007693158,0.36,20,buy
1772350529613,1893456007693157,0.64,20,buy
1772350529613,1893456007693156,0.36,20,buy
1772350529637,1893456007693163,0.38,20,buy
1772350529637,1893456007693162,0.37,20,buy
1772350529637,1893456007693161,0.62,20,buy
1772350529637,1893456007693160,0.63,20,buy
1772350529694,1893456007693167,0.62,20,buy
1772350529694,1893456007693166,0.38,20,buy
1772350529694,1893456007693165,0.62,20,buy
1772350529694,1893456007693164,0.38,20,buy
1772350616828,1893456007693169,0.38,20,buy
1772350616828,1893456007693168,0.62,20,buy
1772350616934,1893456007693171,0.62,20,buy
1772350616934,1893456007693170,0.38,20,buy
1772350827894,1893456007693191,0.44,20,buy
1772350827894,1893456007693190,0.56,20,buy
1772350890137,1893456007693201,0.44,342,buy
1772350890137,1893456007693200,0.56,342,buy
1772350942962,1893456007693209,0.31,4,buy
1772350942962,1893456007693208,0.3,20,buy
1772350942962,1893456007693207,0.29,20,buy
1772350942962,1893456007693206,0.69,4,buy
1772350942962,1893456007693205,0.7,20,buy
1772350942962,1893456007693204,0.71,20,buy
1772351115538,1893456007693221,0.25,2,buy
1772351115538,1893456007693220,0.75,2,buy
1772351162284,1893456007693227,0.73,20,buy
1772351162284,1893456007693226,0.27,20,buy
1772351198830,1893456007693249,0.27,20,buy
1772351198830,1893456007693248,0.73,20,buy
1772351198874,1893456007693251,0.73,20,buy
1772351198874,1893456007693250,0.27,20,buy
1772351206296,1893456007693253,0.3,20,buy
1772351206296,1893456007693252,0.7,20,buy
1772351206354,1893456007693255,0.7,20,buy
1772351206354,1893456007693254,0.3,20,buy
1772351207004,1893456007693257,0.7,20,buy
1772351207004,1893456007693256,0.3,20,buy
1772351241830,1893456007693261,0.21,20,buy
1772351241830,1893456007693260,0.79,20,buy
1772351241894,1893456007693263,0.79,20,buy
1772351241894,1893456007693262,0.21,20,buy
1772351242202,1893456007693265,0.79,20,buy
1772351242202,1893456007693264,0.21,20,buy
1772351377628,1893456007693302,0.11,200,sell
1772351377628,1893456007693301,0.11,200,buy
1772351383526,1893456007693304,0.11,186,buy
1772351383526,1893456007693303,0.11,186,sell
1772351404857,1893456007693306,0.14,11,buy
1772351404857,1893456007693305,0.86,11,buy
1772351502936,1893456007693314,0.77,20,buy
1772351502936,1893456007693313,0.23,20,buy
1772351503169,1893456007693320,0.24,20,buy
1772351503169,1893456007693319,0.76,20,buy
1772351503202,1893456007693322,0.76,20,buy
1772351503202,1893456007693321,0.24,20,buy
1772351503377,1893456007693324,0.25,20,buy
1772351503377,1893456007693323,0.75,20,buy
1772351503494,1893456007693326,0.75,20,buy
1772351503494,1893456007693325,0.25,20,buy
1772351503574,1893456007693328,0.75,20,buy
1772351503574,1893456007693327,0.25,20,buy
1772351513968,1893456007693330,0.27,20,buy
1772351513968,1893456007693329,0.73,20,buy
1772351514014,1893456007693332,0.73,20,buy
1772351514014,1893456007693331,0.27,20,buy
1772351528356,1893456007693334,0.22,20,buy
1772351528356,1893456007693333,0.78,20,buy
1772351528407,1893456007693336,0.78,20,buy
1772351528407,1893456007693335,0.22,20,buy
