timestamp_ms,tid,price,amount,type
1771970578588,1893456007592922,0.74,13,buy
1771970578588,1893456007592921,0.26,13,buy
1771970607557,1893456007592934,0.3,55,buy
1771970607557,1893456007592933,0.29,3,buy
1771970607557,1893456007592932,0.28,2,buy
1771970607557,1893456007592931,0.7,55,buy
1771970607557,1893456007592930,0.71,3,buy
1771970607557,1893456007592929,0.72,2,buy
1771970740617,1893456007592976,0.22,2,buy
1771970740617,1893456007592975,0.78,2,buy
1771970740645,1893456007592978,0.78,2,buy
1771970740645,1893456007592977,0.22,2,buy
1771970820187,1893456007592984,0.23,3,buy
1771970820187,1893456007592983,0.77,3,buy
1771970820223,1893456007592986,0.77,3,buy
1771970820223,1893456007592985,0.23,3,buy
1771970820255,1893456007592988,0.77,3,buy
1771970820255,1893456007592987,0.23,3,buy
1771970820281,1893456007592990,0.77,3,buy
1771970820281,1893456007592989,0.23,3,buy
1771970820316,1893456007592992,0.77,3,buy
1771970820316,1893456007592991,0.23,3,buy
1771970820354,1893456007592994,0.77,3,buy
1771970820354,1893456007592993,0.23,3,buy
1771970823159,1893456007592996,0.23,3,buy
1771970823159,1893456007592995,0.77,3,buy
1771970823194,1893456007592998,0.77,3,buy
1771970823194,1893456007592997,0.23,3,buy
1771970823216,1893456007593000,0.77,3,buy
1771970823216,1893456007592999,0.23,3,buy
1771970823244,1893456007593002,0.77,3,buy
1771970823244,1893456007593001,0.23,3,buy
1771970823269,1893456007593004,0.77,3,buy
1771970823269,1893456007593003,0.23,3,buy
1771970823293,1893456007593006,0.77,3,buy
1771970823293,1893456007593005,0.23,3,buy
1771970823317,1893456007593008,0.77,3,buy
1771970823317,1893456007593007,0.23,3,buy
1771970823354,1893456007593010,0.77,3,buy
1771970823354,1893456007593009,0.23,3,buy
1771970823394,1893456007593012,0.77,3,buy
1771970823394,1893456007593011,0.23,3,buy
1771970823418,1893456007593014,0.77,3,buy
1771970823418,1893456007593013,0.23,3,buy
1771970823527,1893456007593016,0.24,3,buy
1771970823527,1893456007593015,0.76,3,buy
1771970823553,1893456007593018,0.76,3,buy
1771970823553,1893456007593017,0.24,3,buy
1771970823577,1893456007593020,0.76,3,buy
1771970823577,1893456007593019,0.24,3,buy
1771970823600,1893456007593022,0.76,3,buy
1771970823600,1893456007593021,0.24,3,buy
1771970823622,1893456007593024,0.76,3,buy
1771970823622,1893456007593023,0.24,3,buy
1771970823655,1893456007593026,0.76,3,buy
1771970823655,1893456007593025,0.24,3,buy
1771970823679,1893456007593028,0.76,3,buy
1771970823679,1893456007593027,0.24,3,buy
1771970823705,1893456007593030,0.76,3,buy
1771970823705,1893456007593029,0.24,3,buy
1771970823741,1893456007593032,0.76,3,buy
1771970823741,1893456007593031,0.24,3,buy
1771970823765,1893456007593034,0.76,3,buy
1771970823765,1893456007593033,0.24,3,buy
1771970823794,1893456007593036,0.76,3,buy
1771970823794,1893456007593035,0.24,3,buy
1771971005487,1893456007593048,0.76,51,buy
1771971005487,1893456007593047,0.24,51,buy
1771971311665,1893456007593062,0.16,20,buy
1771971311665,1893456007593061,0.84,20,buy
1771971527748,1893456007593082,0.25,10,buy
1771971527748,1893456007593081,0.75,10,buy
1771971695724,1893456007593122,0.81,30,buy
1771971695724,1893456007593121,0.19,30,buy
1771971731888,1893456007593128,0.82,30,buy
1771971731888,1893456007593127,0.18,30,buy
1771971736670,1893456007593130,0.82,1,buy
1771971736670,1893456007593129,0.18,1,buy
1771971796056,1893456007593138,0.83,30,buy
1771971796056,1893456007593137,0.17,30,buy
1771971806017,1893456007593143,0.18,100,buy
1771971806017,1893456007593142,0.82,100,buy
1771971812177,1893456007593145,0.81,30,buy
1771971812177,1893456007593144,0.19,30,buy
1771971829190,1893456007593151,0.21,3,buy
1771971829190,1893456007593150,0.79,3,buy
1771971829224,1893456007593153,0.79,3,buy
1771971829224,1893456007593152,0.21,3,buy
1771971829250,1893456007593155,0.79,3,buy
1771971829250,1893456007593154,0.21,3,buy
1771971829286,1893456007593157,0.79,3,buy
1771971829286,1893456007593156,0.21,3,buy
1771971829324,1893456007593159,0.79,3,buy
1771971829324,1893456007593158,0.21,3,buy
1771971829354,1893456007593161,0.79,3,buy
1771971829354,1893456007593160,0.21,3,buy
1771971829377,1893456007593163,0.79,3,buy
1771971829377,1893456007593162,0.21,3,buy
1771971829414,1893456007593165,0.79,3,buy
1771971829414,1893456007593164,0.21,3,buy
1771971829437,1893456007593167,0.79,3,buy
1771971829437,1893456007593166,0.21,3,buy
1771971829474,1893456007593169,0.79,3,buy
1771971829474,1893456007593168,0.21,3,buy
1771971829504,1893456007593171,0.79,3,buy
1771971829504,1893456007593170,0.21,3,buy
1771971829532,1893456007593173,0.79,3,buy
1771971829532,1893456007593172,0.21,3,buy
1771971829556,1893456007593175,0.79,3,buy
1771971829556,1893456007593174,0.21,3,buy
1771971829594,1893456007593177,0.79,3,buy
1771971829594,1893456007593176,0.21,3,buy
1771971829620,1893456007593179,0.79,3,buy
1771971829620,1893456007593178,0.21,3,buy
1771971829646,1893456007593181,0.79,3,buy
1771971829646,1893456007593180,0.21,3,buy
1771971829683,1893456007593183,0.79,3,buy
1771971829683,1893456007593182,0.21,3,buy
1771971829708,1893456007593185,0.79,3,buy
1771971829708,1893456007593184,0.21,3,buy
1771971829744,1893456007593187,0.79,3,buy
1771971829744,1893456007593186,0.21,3,buy
1771971829783,1893456007593189,0.79,3,buy
1771971829783,1893456007593188,0.21,3,buy
1771971829814,1893456007593191,0.79,3,buy
1771971829814,1893456007593190,0.21,3,buy
1771971829841,1893456007593193,0.79,3,buy
1771971829841,1893456007593192,0.21,3,buy
1771971829867,1893456007593195,0.79,3,buy
1771971829867,1893456007593194,0.21,3,buy
1771971829894,1893456007593197,0.79,3,buy
1771971829894,1893456007593196,0.21,3,buy
1771971829926,1893456007593199,0.79,3,buy
1771971829926,1893456007593198,0.21,3,buy
1771971829964,1893456007593201,0.79,3,buy
1771971829964,1893456007593200,0.21,3,buy
1771971869625,1893456007593203,0.8,3,buy
1771971869625,1893456007593202,0.2,3,buy
1771971894091,1893456007593205,0.21,3,buy
1771971894091,1893456007593204,0.79,3,buy
1771971900327,1893456007593207,0.22,3,buy
1771971900327,1893456007593206,0.78,3,buy
1771971905311,1893456007593209,0.78,50,buy
1771971905311,1893456007593208,0.22,50,buy
1771971909517,1893456007593211,0.78,50,buy
1771971909517,1893456007593210,0.22,50,buy
1771971910856,1893456007593213,0.78,3,buy
1771971910856,1893456007593212,0.22,3,buy
1771971984757,1893456007593223,0.26,3,buy
1771971984757,1893456007593222,0.74,3,buy
1771972140367,1893456007593269,0.16,3,buy
1771972140367,1893456007593268,0.84,3,buy
1771972152250,1893456007593271,0.17,3,buy
1771972152250,1893456007593270,0.83,3,buy
1771972635097,1893456007593484,0.18,3,buy
1771972635097,1893456007593483,0.82,3,buy
1771972636596,1893456007593486,0.19,3,buy
1771972636596,1893456007593485,0.81,3,buy
1771972654936,1893456007593492,0.2,3,buy
1771972654936,1893456007593491,0.8,3,buy
1771972655775,1893456007593494,0.8,3,buy
1771972655775,1893456007593493,0.2,3,buy
1771972659542,1893456007593496,0.21,3,buy
1771972659542,1893456007593495,0.79,3,buy
1771972673373,1893456007593506,0.22,3,buy
1771972673373,1893456007593505,0.78,3,buy
1771972673461,1893456007593508,0.78,3,buy
1771972673461,1893456007593507,0.22,3,buy
1771972681047,1893456007593514,0.24,3,buy
1771972681047,1893456007593513,0.23,3,buy
1771972681047,1893456007593512,0.76,3,buy
1771972681047,1893456007593511,0.77,3,buy
1771972816611,1893456007593544,0.86,3,buy
1771972816611,1893456007593543,0.14,3,buy
1771972816716,1893456007593546,0.86,3,buy
1771972816716,1893456007593545,0.14,3,buy
1771972840444,1893456007593570,0.13,3,buy
1771972840444,1893456007593569,0.87,3,buy
1771972840559,1893456007593574,0.14,3,buy
1771972840559,1893456007593573,0.86,3,buy
1771972846884,1893456007593586,0.15,3,buy
1771972846884,1893456007593585,0.85,3,buy
1771972853847,1893456007593592,0.16,3,buy
1771972853847,1893456007593591,0.84,3,buy
1771972855576,1893456007593600,0.85,3,buy
1771972855576,1893456007593599,0.15,3,buy
1771972855707,1893456007593602,0.16,3,buy
1771972855707,1893456007593601,0.84,3,buy
1771972856642,1893456007593606,0.17,3,buy
1771972856642,1893456007593605,0.83,3,buy
1771972887389,1893456007593612,0.18,3,buy
1771972887389,1893456007593611,0.82,3,buy
1771972917197,1893456007593632,0.15,3,buy
1771972917197,1893456007593631,0.85,3,buy
1771973085936,1893456007593664,0.79,3,buy
1771973085936,1893456007593663,0.21,3,buy
1771973085945,1893456007593666,0.79,3,buy
1771973085945,1893456007593665,0.21,3,buy
1771973087077,1893456007593668,0.22,3,buy
1771973087077,1893456007593667,0.78,3,buy
1771973087187,1893456007593670,0.23,3,buy
1771973087187,1893456007593669,0.77,3,buy
1771973090695,1893456007593672,0.79,3,buy
1771973090695,1893456007593671,0.21,3,buy
1771973090880,1893456007593674,0.79,3,buy
1771973090880,1893456007593673,0.21,3,buy
1771973090980,1893456007593676,0.79,3,buy
1771973090980,1893456007593675,0.21,3,buy
1771973091180,1893456007593678,0.79,3,buy
1771973091180,1893456007593677,0.21,3,buy
1771973115306,1893456007593680,0.81,3,buy
1771973115306,1893456007593679,0.19,3,buy
1771973117437,1893456007593682,0.81,3,buy
1771973117437,1893456007593681,0.19,3,buy
1771973120000,1893456007593684,0.82,3,buy
1771973120000,1893456007593683,0.18,3,buy
1771973121741,1893456007593688,0.19,3,buy
1771973121741,1893456007593687,0.81,3,buy
1771973122655,1893456007593690,0.82,3,buy
1771973122655,1893456007593689,0.18,3,buy
1771973133460,1893456007593694,0.82,120,buy
1771973133460,1893456007593693,0.18,120,buy
1771973174785,1893456007593708,0.87,3,buy
1771973174785,1893456007593707,0.13,3,buy
1771973178171,1893456007593710,0.87,3,buy
1771973178171,1893456007593709,0.13,3,buy
1771973216239,1893456007593738,0.88,3,buy
1771973216239,1893456007593737,0.12,3,buy
1771973217946,1893456007593744,0.88,3,buy
1771973217946,1893456007593743,0.12,3,buy
1771973220287,1893456007593756,0.88,3,buy
1771973220287,1893456007593755,0.12,3,buy
1771973292356,1893456007593805,0.1,3,buy
1771973292356,1893456007593804,0.9,3,buy
1771973293672,1893456007593807,0.11,3,buy
1771973293672,1893456007593806,0.89,3,buy
1771973294396,1893456007593809,0.12,3,buy
1771973294396,1893456007593808,0.88,3,buy
1771973401036,1893456007593823,0.13,3,buy
1771973401036,1893456007593822,0.87,3,buy
1771973425494,1893456007593827,0.14,3,buy
1771973425494,1893456007593826,0.86,3,buy
1771973425552,1893456007593829,0.15,3,buy
1771973425552,1893456007593828,0.85,3,buy
1771973425808,1893456007593831,0.16,3,buy
1771973425808,1893456007593830,0.84,3,buy
1771973429166,1893456007593835,0.17,3,buy
1771973429166,1893456007593834,0.83,3,buy
1771973434551,1893456007593839,0.18,3,buy
1771973434551,1893456007593838,0.82,3,buy
1771973569297,1893456007593870,0.36,13,buy
1771973569297,1893456007593869,0.64,13,buy
1771973692991,1893456007593905,0.28,3,buy
1771973692991,1893456007593904,0.72,3,buy
1771973783967,1893456007593919,0.08,50,buy
1771973783967,1893456007593918,0.92,50,buy
1771973869665,1893456007593935,0.98,100,sell
1771973869665,1893456007593934,0.98,100,buy
1771973870796,1893456007593937,0.98,20,buy
1771973870796,1893456007593936,0.98,20,sell
